
  
  
  
  
  
  
  
 
  
  <record xsi:schemaLocation="http://www.loc.gov/MARC21/slim http://www.loc.gov/standards/marcxml/schema/MARC21slim.xsd">
      <leader>00000cam a2200361 a 45M</leader>
      <controlfield tag="FMT">BK</controlfield>
      <controlfield tag="LDR">00000cam a2200361 a 45M</controlfield>
      <controlfield tag="001">002671832</controlfield>
      <controlfield tag="003">NNU</controlfield>
      <controlfield tag="005">20140501094309.0</controlfield>
      <controlfield tag="008">840323m19829999is a     b    000 0 eng</controlfield>
      <datafield tag="010" ind1=" " ind2=" ">
         <subfield code="a">83173876 /HE</subfield>
      </datafield>
      <datafield tag="020" ind1=" " ind2=" ">
         <subfield code="a">965235001X (v. 1)</subfield>
      </datafield>
      <datafield tag="020" ind1=" " ind2=" ">
         <subfield code="a">965235032X (v. 2)</subfield>
      </datafield>
      <datafield tag="020" ind1=" " ind2=" ">
         <subfield code="a">9652350508 (v. 3)</subfield>
      </datafield>
      <datafield tag="020" ind1=" " ind2=" ">
         <subfield code="a">965235080X (v. 4)</subfield>
      </datafield>
      <datafield tag="020" ind1=" " ind2=" ">
         <subfield code="a">9789652351272 (v. 6)</subfield>
      </datafield>
      <datafield tag="035" ind1="9" ind2=" ">
         <subfield code="a">NYUb10361652</subfield>
      </datafield>
      <datafield tag="035" ind1=" " ind2=" ">
         <subfield code="a">GLIS003616524</subfield>
      </datafield>
      <datafield tag="035" ind1=" " ind2=" ">
         <subfield code="a">(CStRLIN)NYUG84-B10242</subfield>
      </datafield>
      <datafield tag="040" ind1=" " ind2=" ">
         <subfield code="d">CStRLIN</subfield>
         <subfield code="d">NNU</subfield>
      </datafield>
      <datafield tag="041" ind1="0" ind2=" ">
         <subfield code="a">eng</subfield>
         <subfield code="a">fre</subfield>
         <subfield code="a">heb</subfield>
         <subfield code="a">jpr</subfield>
         <subfield code="f">heb</subfield>
      </datafield>
      <datafield tag="043" ind1=" " ind2=" ">
         <subfield code="a">a-ir---</subfield>
      </datafield>
      <datafield tag="050" ind1="0" ind2="0">
         <subfield code="a">DS135.I65</subfield>
         <subfield code="b">I72 1982</subfield>
      </datafield>
      <datafield tag="082" ind1="0" ind2=" ">
         <subfield code="a">955/.004924</subfield>
         <subfield code="2">19</subfield>
      </datafield>
      <datafield tag="245" ind1="0" ind2="0">
         <subfield code="a">Irano-Judaica :</subfield>
         <subfield code="b">studies relating to Jewish contacts with Persian culture throughout the ages /</subfield>
         <subfield code="c">edited by Shaul Shaked.</subfield>
      </datafield>
      <datafield tag="260" ind1=" " ind2=" ">
         <subfield code="a">Jerusalem :</subfield>
         <subfield code="b">Ben-Zvi Institute for the Study of Jewish Communities in the East,</subfield>
         <subfield code="c">1982-</subfield>
      </datafield>
      <datafield tag="300" ind1=" " ind2=" ">
         <subfield code="a">v. :</subfield>
         <subfield code="b">ill. (some col.) ;</subfield>
         <subfield code="c">24 cm.</subfield>
      </datafield>
      <datafield tag="546" ind1=" " ind2=" ">
         <subfield code="a">Contributions in English, French, and Hebrew, with passages in Judeo-Persian; tables of contents also in Hebrew.</subfield>
      </datafield>
      <datafield tag="500" ind1=" " ind2=" ">
         <subfield code="a">Title on added t.p.: Irano-Yudaʼiḳah.</subfield>
      </datafield>
      <datafield tag="500" ind1=" " ind2=" ">
         <subfield code="a">Vol. 2- co-edited by Amnon Netzer.</subfield>
      </datafield>
      <datafield tag="504" ind1=" " ind2=" ">
         <subfield code="a">Includes bibliographical references.</subfield>
      </datafield>
      <datafield tag="505" ind1="1" ind2="0">
         <subfield code="g">v. 2.</subfield>
         <subfield code="t">Calendar of Aramaic texts from Achaemenid and Ptolemaic Egypt /</subfield>
         <subfield code="r">Bezalel Porten --</subfield>
         <subfield code="t">Zoroastrian elements in the Book of Esther /</subfield>
         <subfield code="r">James R. Russell --</subfield>
         <subfield code="t">Parallel between two Iranian and Jewish themes /</subfield>
         <subfield code="r">Shlomo Pines --</subfield>
         <subfield code="t">Judaism in the Sasanian Empire : a case study in religious coexistence /</subfield>
         <subfield code="r">Robert Brody --</subfield>
         <subfield code="t">Expressions and types of "local patriotism" among the Jews of Sasanian Babylonia /</subfield>
         <subfield code="r">Isaiah M. Gafni --</subfield>
         <subfield code="t">Hexaéméron et millénarisme : quelques motifs de comparaison entre Mazdéisme et Judaïsme /</subfield>
         <subfield code="r">Philippe Gignoux --</subfield>
         <subfield code="t">Zoroastrian polemics against Jews in the Sasanian and early Islamic period /</subfield>
         <subfield code="r">Shaul Shaked --</subfield>
         <subfield code="t">Midrash on the ascension of Moses in Judeo-Persian /</subfield>
         <subfield code="r">Amnon Netzer --</subfield>
         <subfield code="t">Salmān-i Fārisī and the Jews : an anti-Jewish Shī'ī hadīth from the seventeenth century? /</subfield>
         <subfield code="r">Vera Basch Moreen --</subfield>
         <subfield code="t">Shāhīn's influence on Bābaī ben Lotf : the Abraham-Nimrod legend /</subfield>
         <subfield code="r">Ezra Spicehandler --</subfield>
         <subfield code="t">Judeo-Persian religious oath formulas as compared with non-Jewish Iranian traditions /</subfield>
         <subfield code="r">Sorour S. Soroudi --</subfield>
         <subfield code="t">Lumières nouvelles sur la formation de la langue persane : une traduction du Coran en persan dialectal et ses affinités avec le judéo-persan /</subfield>
         <subfield code="r">Gilbert Lazard --</subfield>
         <subfield code="t">Judeo-Persian amulet /</subfield>
         <subfield code="r">Myriam Rosen-Ayalon --</subfield>
         <subfield code="t">Brief history of the Parsi priesthood /</subfield>
         <subfield code="r">Firoze M. Kotwal --</subfield>
         <subfield code="t">Breakdown of the Zoroastrian tradition as viewed from a contemporary perspective /</subfield>
         <subfield code="r">Khojeste Mistree --</subfield>
      </datafield>
      <datafield tag="505" ind1="1" ind2="0">
         <subfield code="g">v. 3</subfield>
         <subfield code="t">Zoroastrian origin to the Sefirot? /</subfield>
         <subfield code="r">Gedaliahu G. Stroumsa --</subfield>
         <subfield code="t">Greek and Hebrew versions of the Book of Esther and its Iranian background /</subfield>
         <subfield code="r">Almut Hintze --</subfield>
         <subfield code="t">Mani's "Book of the Giants" and the Jewish books of Enoch : a case of terminological differences and what it implies /</subfield>
         <subfield code="r">Werner Sundermann --</subfield>
         <subfield code="t">Eschatologie mazdéenne ancienne /</subfield>
         <subfield code="r">Jean Kellens --</subfield>
         <subfield code="t">Sur la réalité d'une sibylle persane /</subfield>
         <subfield code="r">Philippe Gignoux --</subfield>
         <subfield code="t">Ascensio Isaiae and Iran /</subfield>
         <subfield code="r">James R. Russell --</subfield>
         <subfield code="t">Zoroastrian and Judaic purity laws : reflections on the viability of a sociological interpretation /</subfield>
         <subfield code="r">A.V. Williams --</subfield>
         <subfield code="t">Conceptual basis for the interaction between the ancient traditions of the Jews and the Iranians /</subfield>
         <subfield code="r">K.D. Irani --</subfield>
         <subfield code="t">New Parthian inscriptions from Old Merv /</subfield>
         <subfield code="r">V.A. Livshits, Z.I. Usmanova --</subfield>
         <subfield code="t">Items of dress and other objects in common use : Iranian loanwords in Jewish Babylonian Aramaic /</subfield>
         <subfield code="r">Shaul Shaked --</subfield>
         <subfield code="t">Rashīd al-Dīn and his Jewish background /</subfield>
         <subfield code="r">Amnon Netzer --</subfield>
         <subfield code="t">Dialogue between God and Satan in Shāhīn's Bereshit Nāmah /</subfield>
         <subfield code="r">Vera B. Moreen --</subfield>
         <subfield code="t">Concept of Jewish impurity and its reflection in Persian and Judeo-Persian tradtitions /</subfield>
         <subfield code="r">Sorour Soroudi --</subfield>
         <subfield code="t">Dialect of the Jews of Hamedan /</subfield>
         <subfield code="r">Haideh Sahim</subfield>
      </datafield>
      <datafield tag="650" ind1=" " ind2="0">
         <subfield code="a">Jews</subfield>
         <subfield code="z">Iran.</subfield>
      </datafield>
      <datafield tag="650" ind1=" " ind2="0">
         <subfield code="a">Judeo-Persian literature</subfield>
         <subfield code="x">History and criticism.</subfield>
      </datafield>
      <datafield tag="650" ind1=" " ind2="0">
         <subfield code="a">Hebrew language, Talmudic</subfield>
         <subfield code="x">Foreign words and phrases</subfield>
         <subfield code="x">Persian.</subfield>
      </datafield>
      <datafield tag="630" ind1="0" ind2="0">
         <subfield code="a">Talmud</subfield>
         <subfield code="x">Language, style.</subfield>
      </datafield>
      <datafield tag="651" ind1=" " ind2="0">
         <subfield code="a">Iran</subfield>
         <subfield code="x">Ethnic relations.</subfield>
      </datafield>
      <datafield tag="700" ind1="1" ind2=" ">
         <subfield code="a">Shaked, Shaul</subfield>
         <subfield code="e">ed.</subfield>
      </datafield>
      <datafield tag="700" ind1="1" ind2=" ">
         <subfield code="a">Netzer, Amnon</subfield>
         <subfield code="e">ed.</subfield>
      </datafield>
      <datafield tag="740" ind1="0" ind2=" ">
         <subfield code="a">Irano-Yudaʼiḳah.</subfield>
      </datafield>
      <datafield tag="OWN" ind1=" " ind2=" ">
         <subfield code="a">GENERAL</subfield>
      </datafield>
      <datafield tag="AVA" ind1=" " ind2=" ">
         <subfield code="a">NYU50</subfield>
         <subfield code="b">BOBST</subfield>
         <subfield code="c">Main Collection</subfield>
         <subfield code="d">DS135.I65 I72 1982</subfield>
         <subfield code="e">available</subfield>
         <subfield code="t">Available</subfield>
         <subfield code="f">6</subfield>
         <subfield code="g">0</subfield>
         <subfield code="h">Y</subfield>
         <subfield code="i">12</subfield>
         <subfield code="j">MAIN</subfield>
         <subfield code="k">0</subfield>
      </datafield>
      <datafield tag="AVA" ind1=" " ind2=" ">
         <subfield code="a">NYU50</subfield>
         <subfield code="b">NISAW</subfield>
         <subfield code="c">Small Collection</subfield>
         <subfield code="d">DS135.I65 I72 1982</subfield>
         <subfield code="e">available</subfield>
         <subfield code="t">Available</subfield>
         <subfield code="f">2</subfield>
         <subfield code="g">0</subfield>
         <subfield code="h">Y</subfield>
         <subfield code="i">0</subfield>
         <subfield code="j">SMALL</subfield>
         <subfield code="k">0</subfield>
      </datafield>
      <marc:datafield tag="852" ind1=" " ind2=" ">
         <marc:subfield code="b">Institute for the Study of the Ancient World, </marc:subfield>
         <marc:subfield code="c">Small Collection</marc:subfield>
         <marc:subfield code="e">15 East 84th St., </marc:subfield>
         <marc:subfield code="e">New York, NY  10028</marc:subfield>
      </marc:datafield>
   </record>