
  
  
  
  
  
  
  
 
  
  <record xsi:schemaLocation="http://www.loc.gov/MARC21/slim http://www.loc.gov/standards/marcxml/schema/MARC21slim.xsd">
      <leader>00000cam a2200361 a 4500</leader>
      <controlfield tag="FMT">BK</controlfield>
      <controlfield tag="LDR">00000cam a2200361 a 4500</controlfield>
      <controlfield tag="001">003982917</controlfield>
      <controlfield tag="003">OCoLC</controlfield>
      <controlfield tag="005">20140502105215.0</controlfield>
      <controlfield tag="008">140502s1987    pl       b    000 0 eng d</controlfield>
      <datafield tag="035" ind1=" " ind2=" ">
         <subfield code="a">(OCoLC)23729103</subfield>
      </datafield>
      <datafield tag="040" ind1=" " ind2=" ">
         <subfield code="a">DGU</subfield>
         <subfield code="b">eng</subfield>
         <subfield code="c">DGU</subfield>
         <subfield code="d">OCLCQ</subfield>
         <subfield code="d">DEBBG</subfield>
         <subfield code="d">OCLCQ</subfield>
         <subfield code="d">OCLCF</subfield>
         <subfield code="d">NNU</subfield>
      </datafield>
      <datafield tag="043" ind1=" " ind2=" ">
         <subfield code="a">a------</subfield>
      </datafield>
      <datafield tag="050" ind1=" " ind2="4">
         <subfield code="a">DS12</subfield>
         <subfield code="b">.P367 1987</subfield>
      </datafield>
      <datafield tag="084" ind1=" " ind2=" ">
         <subfield code="a">EL 7800</subfield>
         <subfield code="2">rvk</subfield>
      </datafield>
      <datafield tag="245" ind1="0" ind2="0">
         <subfield code="a">Papers on Asia past and present /</subfield>
         <subfield code="c">edited by Marek Mejor, Maciej Popko, and Bogdan Składanek.</subfield>
      </datafield>
      <datafield tag="260" ind1=" " ind2=" ">
         <subfield code="a">Warszawa :</subfield>
         <subfield code="b">Wydawn. Uniwersytetu Warszawskiego,</subfield>
         <subfield code="c">1987.</subfield>
      </datafield>
      <datafield tag="300" ind1=" " ind2=" ">
         <subfield code="a">149 p., [1] folded leaf ;</subfield>
         <subfield code="c">24 cm.</subfield>
      </datafield>
      <datafield tag="490" ind1="1" ind2=" ">
         <subfield code="a">Orientalia varsoviensia ;</subfield>
         <subfield code="v">1</subfield>
      </datafield>
      <datafield tag="504" ind1=" " ind2=" ">
         <subfield code="a">Includes bibliographical references.</subfield>
      </datafield>
      <datafield tag="505" ind1="0" ind2="0">
         <subfield code="t">Sumerian goddess Inana-kur /</subfield>
         <subfield code="r">Krystyna Szarzyńska --</subfield>
         <subfield code="t">Errors in the Neo-Babylonian business and administrative documents and problems of their deletion /</subfield>
         <subfield code="r">Stefan Zawadzki --</subfield>
         <subfield code="t">Musical terminology in Hittite cuneiform texts /</subfield>
         <subfield code="r">Hanna Roszkowska --</subfield>
         <subfield code="t">Afghan parliamentary democracy in the political conception of Mohammad Daud and in the practical action /</subfield>
         <subfield code="r">Jolanta Sierakowska-Dyndo --</subfield>
         <subfield code="t">Din-i Illāhi and its role in the social policy of Akbar, the Great Mogul /</subfield>
         <subfield code="r">Danuta Jabłońska --</subfield>
         <subfield code="t">Clash of cultures : an Indian immigrant in Great Britain /</subfield>
         <subfield code="r">Danuta Stasik --</subfield>
         <subfield code="t">Traditionalism and modernism in the political system of comtemporary Nepal /</subfield>
         <subfield code="r">Krzysztof Dębnicki --</subfield>
         <subfield code="t">Korean revolutionary opera /</subfield>
         <subfield code="r">Halina Ogarek-Czoj --</subfield>
         <subfield code="t">Looking to Korea for the founders of the Japanese imperial dynasty /</subfield>
         <subfield code="r">Jolanta Tubielewicz --</subfield>
         <subfield code="t">From ecology to midufology /</subfield>
         <subfield code="r">Wiesław Kotański --</subfield>
         <subfield code="t">Portraits of mothers in the novels Hōsenka by Nakagami Kenji and Emi by Yun Hung-gil /</subfield>
         <subfield code="r">Mikołaj Melanowicz.</subfield>
      </datafield>
      <datafield tag="651" ind1=" " ind2="0">
         <subfield code="a">Asia</subfield>
         <subfield code="x">Civilization.</subfield>
      </datafield>
      <datafield tag="651" ind1=" " ind2="0">
         <subfield code="a">Asia</subfield>
         <subfield code="x">History.</subfield>
      </datafield>
      <datafield tag="650" ind1=" " ind2="7">
         <subfield code="a">Civilization.</subfield>
         <subfield code="2">fast</subfield>
         <subfield code="0">(OCoLC)fst00862898</subfield>
      </datafield>
      <datafield tag="651" ind1=" " ind2="7">
         <subfield code="a">Asia.</subfield>
         <subfield code="2">fast</subfield>
         <subfield code="0">(OCoLC)fst01240495</subfield>
      </datafield>
      <datafield tag="655" ind1=" " ind2="7">
         <subfield code="a">History.</subfield>
         <subfield code="2">fast</subfield>
         <subfield code="0">(OCoLC)fst01411628</subfield>
      </datafield>
      <datafield tag="700" ind1="1" ind2=" ">
         <subfield code="a">Mejor, Marek</subfield>
         <subfield code="e">ed.</subfield>
      </datafield>
      <datafield tag="700" ind1="1" ind2=" ">
         <subfield code="a">Popko, Maciej</subfield>
         <subfield code="e">ed.</subfield>
      </datafield>
      <datafield tag="700" ind1="1" ind2=" ">
         <subfield code="a">Składanek, Bogdan</subfield>
         <subfield code="e">ed.</subfield>
      </datafield>
      <datafield tag="830" ind1=" " ind2="0">
         <subfield code="a">Orientalia varsoviensia ;</subfield>
         <subfield code="v">1.</subfield>
      </datafield>
      <datafield tag="994" ind1=" " ind2=" ">
         <subfield code="a">Z0</subfield>
         <subfield code="b">ZYU</subfield>
      </datafield>
      <datafield tag="OWN" ind1=" " ind2=" ">
         <subfield code="a">GENERAL</subfield>
      </datafield>
      <datafield tag="936" ind1=" " ind2=" ">
         <subfield code="a">PR 875481453 751086555</subfield>
      </datafield>
      <datafield tag="AVA" ind1=" " ind2=" ">
         <subfield code="a">NYU50</subfield>
         <subfield code="b">NISAW</subfield>
         <subfield code="c">Small Collection</subfield>
         <subfield code="d">DS12 .P367 1987</subfield>
         <subfield code="e">available</subfield>
         <subfield code="t">Available</subfield>
         <subfield code="f">1</subfield>
         <subfield code="g">0</subfield>
         <subfield code="h">N</subfield>
         <subfield code="i">0</subfield>
         <subfield code="j">SMALL</subfield>
         <subfield code="k">0</subfield>
      </datafield>
      <marc:datafield tag="852" ind1=" " ind2=" ">
         <marc:subfield code="b">Institute for the Study of the Ancient World, </marc:subfield>
         <marc:subfield code="c">Small Collection</marc:subfield>
         <marc:subfield code="e">15 East 84th St., </marc:subfield>
         <marc:subfield code="e">New York, NY  10028</marc:subfield>
      </marc:datafield>
   </record>