
  
  
  
  
  
  
  
 
  
  <record xsi:schemaLocation="http://www.loc.gov/MARC21/slim http://www.loc.gov/standards/marcxml/schema/MARC21slim.xsd">
      <leader>00000cam  22003255a 4500</leader>
      <controlfield tag="FMT">BK</controlfield>
      <controlfield tag="LDR">00000cam  22003255a 4500</controlfield>
      <controlfield tag="001">001976474</controlfield>
      <controlfield tag="003">OCoLC</controlfield>
      <controlfield tag="005">20140502102257.0</controlfield>
      <controlfield tag="008">030728r19641854ne       b    011 0 grc d</controlfield>
      <datafield tag="035" ind1=" " ind2=" ">
         <subfield code="a">(OCoLC)865487656</subfield>
      </datafield>
      <datafield tag="040" ind1=" " ind2=" ">
         <subfield code="a">KIJ</subfield>
         <subfield code="b">eng</subfield>
         <subfield code="c">KIJ</subfield>
         <subfield code="d">OCLCO</subfield>
         <subfield code="d">NNU</subfield>
      </datafield>
      <datafield tag="041" ind1="0" ind2=" ">
         <subfield code="a">grclat</subfield>
      </datafield>
      <datafield tag="100" ind1="0" ind2=" ">
         <subfield code="a">Didymus,</subfield>
         <subfield code="c">Chalcenterus</subfield>
      </datafield>
      <datafield tag="245" ind1="1" ind2="0">
         <subfield code="a">Didymi Chalcenteri Grammatici Alexandrini :</subfield>
         <subfield code="b">fragmenta quae supersunt omnia /</subfield>
         <subfield code="c">collegit et disposuit Mauricius Schmidt.</subfield>
      </datafield>
      <datafield tag="246" ind1="3" ind2="0">
         <subfield code="a">Grammatici Alexandrini</subfield>
      </datafield>
      <datafield tag="246" ind1="3" ind2="0">
         <subfield code="a">Fragmenta quae supersunt omnia</subfield>
      </datafield>
      <datafield tag="250" ind1=" " ind2=" ">
         <subfield code="a">Ed. stereotypa.</subfield>
      </datafield>
      <datafield tag="260" ind1=" " ind2=" ">
         <subfield code="a">Amsterdam :</subfield>
         <subfield code="b">A. M. Hakkert,</subfield>
         <subfield code="c">1964.</subfield>
      </datafield>
      <datafield tag="300" ind1=" " ind2=" ">
         <subfield code="a">x, 423 p. ;</subfield>
         <subfield code="c">23 cm.</subfield>
      </datafield>
      <datafield tag="500" ind1=" " ind2=" ">
         <subfield code="a">"Carolo Goettlingio, Frederico Guilelmo Schneidewino, philologis illustribus"--P. [iii].</subfield>
      </datafield>
      <datafield tag="504" ind1=" " ind2=" ">
         <subfield code="a">Includes bibliographical references and indexes.</subfield>
      </datafield>
      <datafield tag="534" ind1=" " ind2=" ">
         <subfield code="p">Reprint. Originally published:</subfield>
         <subfield code="b">Lipsiae : Sumptibus et Typis B.G. Teubneri, MDCCCLIV [i.e. 1854].</subfield>
      </datafield>
      <datafield tag="546" ind1=" " ind2=" ">
         <subfield code="a">Greek and Latin.</subfield>
      </datafield>
      <datafield tag="600" ind1="1" ind2="0">
         <subfield code="a">Goettling, Karl Wilhelm,</subfield>
         <subfield code="d">1793-1869.</subfield>
      </datafield>
      <datafield tag="600" ind1="1" ind2="0">
         <subfield code="a">Schneidewin, Friedrich Wilhelm,</subfield>
         <subfield code="d">1810-1856.</subfield>
      </datafield>
      <datafield tag="700" ind1="1" ind2=" ">
         <subfield code="a">Goettling, Karl Wilhelm,</subfield>
         <subfield code="d">1793-1869.</subfield>
      </datafield>
      <datafield tag="700" ind1="1" ind2=" ">
         <subfield code="a">Schneidewin, Friedrich Wilhelm,</subfield>
         <subfield code="d">1810-1856.</subfield>
      </datafield>
      <datafield tag="700" ind1="1" ind2=" ">
         <subfield code="a">Schmidt, Moritz,</subfield>
         <subfield code="d">1823-1888.</subfield>
      </datafield>
      <datafield tag="OWN" ind1=" " ind2=" ">
         <subfield code="a">GENERAL</subfield>
      </datafield>
      <datafield tag="903" ind1=" " ind2=" ">
         <subfield code="a">OLD</subfield>
      </datafield>
      <datafield tag="950" ind1=" " ind2=" ">
         <subfield code="l">BMAIN</subfield>
         <subfield code="a">PA3965</subfield>
         <subfield code="b">.D17 1964</subfield>
         <subfield code="f">MANUAL</subfield>
         <subfield code="i">11/21/91 N</subfield>
         <subfield code="h">11/15/91 N</subfield>
      </datafield>
      <datafield tag="955" ind1=" " ind2=" ">
         <subfield code="l">BMAIN</subfield>
         <subfield code="c">1</subfield>
         <subfield code="h">11/15/91 C</subfield>
      </datafield>
      <datafield tag="998" ind1=" " ind2=" ">
         <subfield code="a">11/21/91</subfield>
         <subfield code="t">c</subfield>
         <subfield code="s">9125</subfield>
         <subfield code="n">NNU</subfield>
         <subfield code="w">NYUG91B65277</subfield>
         <subfield code="d">11/15/91</subfield>
         <subfield code="b">EI</subfield>
         <subfield code="i">911121</subfield>
         <subfield code="h">911115</subfield>
         <subfield code="l">NYUG</subfield>
      </datafield>
      <datafield tag="AVA" ind1=" " ind2=" ">
         <subfield code="a">NYU50</subfield>
         <subfield code="b">BOBST</subfield>
         <subfield code="c">Main Collection</subfield>
         <subfield code="d">PA3965 .D17 1964</subfield>
         <subfield code="e">available</subfield>
         <subfield code="t">Available</subfield>
         <subfield code="f">1</subfield>
         <subfield code="g">0</subfield>
         <subfield code="h">N</subfield>
         <subfield code="i">0</subfield>
         <subfield code="j">MAIN</subfield>
         <subfield code="k">0</subfield>
      </datafield>
      <datafield tag="AVA" ind1=" " ind2=" ">
         <subfield code="a">NYU50</subfield>
         <subfield code="b">NISAW</subfield>
         <subfield code="c">Small Collection</subfield>
         <subfield code="d">PA3965 .D17 1964</subfield>
         <subfield code="e">available</subfield>
         <subfield code="t">Available</subfield>
         <subfield code="f">1</subfield>
         <subfield code="g">0</subfield>
         <subfield code="h">N</subfield>
         <subfield code="i">0</subfield>
         <subfield code="j">SMALL</subfield>
         <subfield code="k">0</subfield>
      </datafield>
      <marc:datafield tag="852" ind1=" " ind2=" ">
         <marc:subfield code="b">Institute for the Study of the Ancient World, </marc:subfield>
         <marc:subfield code="c">Small Collection</marc:subfield>
         <marc:subfield code="e">15 East 84th St., </marc:subfield>
         <marc:subfield code="e">New York, NY  10028</marc:subfield>
      </marc:datafield>
   </record>