
  
  
  
  
  
  
  
  
 
  
  <record xsi:schemaLocation="http://www.loc.gov/MARC21/slim http://www.loc.gov/standards/marcxml/schema/MARC21slim.xsd">
      <leader>00000cam a2200397 a 4500</leader>
      <controlfield tag="FMT">BK</controlfield>
      <controlfield tag="LDR">00000cam a2200397 a 4500</controlfield>
      <controlfield tag="001">003984289</controlfield>
      <controlfield tag="003">OCoLC</controlfield>
      <controlfield tag="005">20140508112119.0</controlfield>
      <controlfield tag="008">140507s1847    gw            000 0 heb d</controlfield>
      <datafield tag="035" ind1=" " ind2=" ">
         <subfield code="a">(OCoLC)24447089</subfield>
      </datafield>
      <datafield tag="040" ind1=" " ind2=" ">
         <subfield code="a">CUY</subfield>
         <subfield code="b">eng</subfield>
         <subfield code="c">CUY</subfield>
         <subfield code="d">OCLCQ</subfield>
         <subfield code="d">OCLCG</subfield>
         <subfield code="d">OCLCQ</subfield>
         <subfield code="d">OCLCA</subfield>
         <subfield code="d">OCLCF</subfield>
         <subfield code="d">NNU</subfield>
      </datafield>
      <datafield tag="050" ind1=" " ind2="4">
         <subfield code="a">BM497.2.A23</subfield>
         <subfield code="b">D65 1847</subfield>
      </datafield>
      <datafield tag="066" ind1=" " ind2=" ">
         <subfield code="c">(2</subfield>
      </datafield>
      <datafield tag="130" ind1="0" ind2=" ">
         <subfield code="a">Mishnah.</subfield>
         <subfield code="p">Avot</subfield>
      </datafield>
      <datafield tag="245" ind1="1" ind2="0">
         <subfield code="6">880-01</subfield>
         <subfield code="a">Pirḳe avot :</subfield>
         <subfield code="b">ʻim Rashi ṿe-Rabenu Yonah.</subfield>
      </datafield>
      <datafield tag="260" ind1=" " ind2=" ">
         <subfield code="6">880-02</subfield>
         <subfield code="a">Berlin ;</subfield>
         <subfield code="a">Alṭona :</subfield>
         <subfield code="b">[s.n.],</subfield>
         <subfield code="c">608 [1847 or 1848]</subfield>
      </datafield>
      <datafield tag="300" ind1=" " ind2=" ">
         <subfield code="a">36 leaves [i.e. 72 pages] ;</subfield>
         <subfield code="c">20 cm.</subfield>
      </datafield>
      <datafield tag="500" ind1=" " ind2=" ">
         <subfield code="6">880-03</subfield>
         <subfield code="a">"Gam poh ʻavar ha-Rav ... Śimḥah ben Ary[eh] Dolitsḳi"--P. after t.p.</subfield>
      </datafield>
      <datafield tag="500" ind1=" " ind2=" ">
         <subfield code="a">ISAW copy is from the Library of Hayim and Miriam Tadmor.</subfield>
         <subfield code="5">NNU</subfield>
      </datafield>
      <datafield tag="630" ind1="0" ind2="0">
         <subfield code="a">Mishnah.</subfield>
         <subfield code="p">Avot</subfield>
         <subfield code="x">Commentaries</subfield>
         <subfield code="v">Commentaries.</subfield>
      </datafield>
      <datafield tag="630" ind1="0" ind2="7">
         <subfield code="a">Mishnah.</subfield>
         <subfield code="p">Avot.</subfield>
         <subfield code="2">fast</subfield>
         <subfield code="0">(OCoLC)fst01356042</subfield>
      </datafield>
      <datafield tag="655" ind1=" " ind2="7">
         <subfield code="a">Commentaries.</subfield>
         <subfield code="2">fast</subfield>
         <subfield code="0">(OCoLC)fst01423723</subfield>
      </datafield>
      <datafield tag="700" ind1="0" ind2=" ">
         <subfield code="6">880-04</subfield>
         <subfield code="a">Jonah ben Abraham Gerondi,</subfield>
         <subfield code="d">approximately 1200-1263.</subfield>
      </datafield>
      <datafield tag="700" ind1="0" ind2=" ">
         <subfield code="a">Rashi,</subfield>
         <subfield code="d">1040-1105</subfield>
         <subfield code="6">880-05</subfield>
      </datafield>
      <datafield tag="700" ind1="1" ind2=" ">
         <subfield code="a">Dolitsḳi, Śimḥah ben Aryeh.</subfield>
      </datafield>
      <datafield tag="776" ind1="0" ind2="8">
         <subfield code="i">Online version:</subfield>
         <subfield code="a">Mishnah. Avot.</subfield>
         <subfield code="t">Pirḳe avot.</subfield>
         <subfield code="d">Berlin ; Alṭona : [s.n.], 608 [1847 or 1848]</subfield>
         <subfield code="w">(OCoLC)647060270</subfield>
      </datafield>
      <datafield tag="796" ind1="1" ind2=" ">
         <subfield code="a">Tadmor, Hayim,</subfield>
         <subfield code="e">former owner.</subfield>
      </datafield>
      <datafield tag="796" ind1="1" ind2=" ">
         <subfield code="a">Tadmor, Miriam,</subfield>
         <subfield code="e">former owner.</subfield>
      </datafield>
      <datafield tag="797" ind1="2" ind2=" ">
         <subfield code="a">Tadmor Collection.</subfield>
      </datafield>
      <datafield tag="880" ind1="1" ind2="0">
         <subfield code="6">245-01/</subfield>
         <subfield code="a">פרקי אבות :</subfield>
         <subfield code="b">עם רש״י ורבינו יונה.</subfield>
      </datafield>
      <datafield tag="880" ind1=" " ind2=" ">
         <subfield code="6">260-02/</subfield>
         <subfield code="a">ברלין :</subfield>
         <subfield code="a">אלטונא :</subfield>
         <subfield code="b">[s.n.],</subfield>
         <subfield code="c">תר״ח[1847 or 1848].</subfield>
      </datafield>
      <datafield tag="880" ind1=" " ind2=" ">
         <subfield code="6">500-03/</subfield>
         <subfield code="a">״גם פה עבר הרב ... שמחה דאליצקי״ --P. after t.p.</subfield>
      </datafield>
      <datafield tag="880" ind1="0" ind2=" ">
         <subfield code="6">700-04/</subfield>
         <subfield code="a">יונה בו אברהם גרונדי.</subfield>
      </datafield>
      <datafield tag="880" ind1="0" ind2=" ">
         <subfield code="6">700-05/</subfield>
         <subfield code="a">רש״י.</subfield>
      </datafield>
      <datafield tag="994" ind1=" " ind2=" ">
         <subfield code="a">Z0</subfield>
         <subfield code="b">ZYU</subfield>
      </datafield>
      <datafield tag="OWN" ind1=" " ind2=" ">
         <subfield code="a">GENERAL</subfield>
      </datafield>
      <datafield tag="AVA" ind1=" " ind2=" ">
         <subfield code="a">NYU50</subfield>
         <subfield code="b">NISAW</subfield>
         <subfield code="c">Small Collection</subfield>
         <subfield code="d">BM497.2.A23 D65 1847</subfield>
         <subfield code="e">available</subfield>
         <subfield code="t">Available</subfield>
         <subfield code="f">1</subfield>
         <subfield code="g">0</subfield>
         <subfield code="h">N</subfield>
         <subfield code="i">0</subfield>
         <subfield code="j">SMALL</subfield>
         <subfield code="k">0</subfield>
      </datafield>
      <marc:datafield tag="852" ind1=" " ind2=" ">
         <marc:subfield code="b">Institute for the Study of the Ancient World, </marc:subfield>
         <marc:subfield code="c">Small Collection</marc:subfield>
         <marc:subfield code="e">15 East 84th St., </marc:subfield>
         <marc:subfield code="e">New York, NY  10028</marc:subfield>
      </marc:datafield>
   </record>