
  
  
  
  
  
  
  
  
 
  
  <record xsi:schemaLocation="http://www.loc.gov/MARC21/slim http://www.loc.gov/standards/marcxml/schema/MARC21slim.xsd">
      <leader>00000cam a2200385 a 4500</leader>
      <controlfield tag="FMT">BK</controlfield>
      <controlfield tag="LDR">00000cam a2200385 a 4500</controlfield>
      <controlfield tag="001">003986815</controlfield>
      <controlfield tag="003">OCoLC</controlfield>
      <controlfield tag="005">20140528101408.0</controlfield>
      <controlfield tag="008">140509m18891897gw            000 0 ger d</controlfield>
      <datafield tag="035" ind1=" " ind2=" ">
         <subfield code="a">(OCoLC)51420070</subfield>
      </datafield>
      <datafield tag="040" ind1=" " ind2=" ">
         <subfield code="a">CSL</subfield>
         <subfield code="b">eng</subfield>
         <subfield code="c">CSL</subfield>
         <subfield code="d">OCLCQ</subfield>
         <subfield code="d">AMAZN</subfield>
         <subfield code="d">OCLCQ</subfield>
         <subfield code="d">OCLCO</subfield>
         <subfield code="d">OCLCF</subfield>
         <subfield code="d">NNU</subfield>
      </datafield>
      <datafield tag="043" ind1=" " ind2=" ">
         <subfield code="a">a-iq---</subfield>
      </datafield>
      <datafield tag="050" ind1=" " ind2="4">
         <subfield code="a">PJ3831</subfield>
         <subfield code="b">.S77 1889</subfield>
      </datafield>
      <datafield tag="100" ind1="1" ind2=" ">
         <subfield code="a">Strassmaier, J. N.</subfield>
         <subfield code="q">(Johann Nepomuk),</subfield>
         <subfield code="d">1846-1920.</subfield>
      </datafield>
      <datafield tag="245" ind1="1" ind2="0">
         <subfield code="a">Babylonische Texte /</subfield>
         <subfield code="c">von den Thontafeln des Britischen Museums copirt und autographirt von J.N. Strassmaier.</subfield>
      </datafield>
      <datafield tag="260" ind1=" " ind2=" ">
         <subfield code="a">Leipzig :</subfield>
         <subfield code="b">E. Pfeiffer,</subfield>
         <subfield code="c">1889-1897.</subfield>
      </datafield>
      <datafield tag="300" ind1=" " ind2=" ">
         <subfield code="a">12 volumes in 4. ;</subfield>
         <subfield code="c">24 cm.</subfield>
      </datafield>
      <datafield tag="336" ind1=" " ind2=" ">
         <subfield code="a">text</subfield>
         <subfield code="b">txt</subfield>
         <subfield code="2">rdacontent</subfield>
      </datafield>
      <datafield tag="337" ind1=" " ind2=" ">
         <subfield code="a">unmediated</subfield>
         <subfield code="b">n</subfield>
         <subfield code="2">rdamedia</subfield>
      </datafield>
      <datafield tag="338" ind1=" " ind2=" ">
         <subfield code="a">volume</subfield>
         <subfield code="b">nc</subfield>
         <subfield code="2">rdacarrier</subfield>
      </datafield>
      <datafield tag="546" ind1=" " ind2=" ">
         <subfield code="a">German introductions and tables of contents; transcribed Akkadian inscriptions.</subfield>
      </datafield>
      <datafield tag="500" ind1=" " ind2=" ">
         <subfield code="a">Vols. 10-12 lack title-pages.</subfield>
      </datafield>
      <datafield tag="500" ind1=" " ind2=" ">
         <subfield code="a">Some volumes have special title pages.</subfield>
      </datafield>
      <datafield tag="505" ind1="0" ind2="0">
         <subfield code="g">v. 1.</subfield>
         <subfield code="g">Hft. 1-4.</subfield>
         <subfield code="t">Inschriften von Nabonidus, König von Babylon (555-558 v. Chr.) --</subfield>
         <subfield code="g">v. 2.</subfield>
         <subfield code="g">Hft. 5-6A.</subfield>
         <subfield code="t">Inschriften von Nabuchodonosor, König von Babylon (604-561 v. Chr.) --</subfield>
         <subfield code="g">Hft. 6B.</subfield>
         <subfield code="t">Inscriptions of the reigns of Evil-Merodach (B.C. 562-559); Nerigliaar (B.C. 559-555) and Laborosoarchod (B.C. 555); copied and autographed by B.T.A. Evetts --</subfield>
         <subfield code="g">v. 3.</subfield>
         <subfield code="g">Hft. 7-8.</subfield>
         <subfield code="t">Inschriften von Cyrus, König von Babylon (538-529 v. Chr.) --</subfield>
         <subfield code="g">Hft. 9.</subfield>
         <subfield code="t">Inschriften von Cambyses, König von Babylon (529-521 v. Chr.) --</subfield>
         <subfield code="g">v. 10.</subfield>
         <subfield code="g">Hft. 10-12.</subfield>
         <subfield code="t">[Inschriften von Darius, König von Babylon].</subfield>
      </datafield>
      <datafield tag="500" ind1=" " ind2=" ">
         <subfield code="a">ISAW copy (v. 2-3) from the Library of Hayim and Miriam Tadmor.</subfield>
         <subfield code="5">NNU</subfield>
      </datafield>
      <datafield tag="650" ind1=" " ind2="0">
         <subfield code="a">Cuneiform inscriptions.</subfield>
      </datafield>
      <datafield tag="650" ind1=" " ind2="0">
         <subfield code="a">Akkadian language</subfield>
         <subfield code="v">Texts.</subfield>
      </datafield>
      <datafield tag="650" ind1=" " ind2="7">
         <subfield code="a">Akkadian language.</subfield>
         <subfield code="2">fast</subfield>
         <subfield code="0">(OCoLC)fst00803982</subfield>
      </datafield>
      <datafield tag="650" ind1=" " ind2="7">
         <subfield code="a">Cuneiform inscriptions.</subfield>
         <subfield code="2">fast</subfield>
         <subfield code="0">(OCoLC)fst00885195</subfield>
      </datafield>
      <datafield tag="655" ind1=" " ind2="7">
         <subfield code="a">Texts.</subfield>
         <subfield code="2">fast</subfield>
         <subfield code="0">(OCoLC)fst01423705</subfield>
      </datafield>
      <datafield tag="700" ind1="1" ind2=" ">
         <subfield code="a">Evetts, B. T. A.</subfield>
         <subfield code="q">(Basil Thomas Alfred),</subfield>
         <subfield code="d">b. 1858.</subfield>
      </datafield>
      <datafield tag="710" ind1="2" ind2=" ">
         <subfield code="a">British Museum.</subfield>
         <subfield code="b">Department of Egyptian and Assyrian Antiquities.</subfield>
      </datafield>
      <datafield tag="776" ind1="0" ind2="8">
         <subfield code="i">Online version:</subfield>
         <subfield code="a">Strassmaier, Johan Nepomuk, 1846-1920.</subfield>
         <subfield code="t">Babylonische Texte.</subfield>
         <subfield code="d">Leipzig : E. Pfeiffer, 1889-97</subfield>
         <subfield code="w">(OCoLC)570184780</subfield>
      </datafield>
      <datafield tag="796" ind1="1" ind2=" ">
         <subfield code="a">Tadmor, Hayim,</subfield>
         <subfield code="e">former owner.</subfield>
      </datafield>
      <datafield tag="796" ind1="1" ind2=" ">
         <subfield code="a">Tadmor, Miriam,</subfield>
         <subfield code="e">former owner.</subfield>
      </datafield>
      <datafield tag="797" ind1="2" ind2=" ">
         <subfield code="a">Tadmor Collection.</subfield>
      </datafield>
      <datafield tag="994" ind1=" " ind2=" ">
         <subfield code="a">Z0</subfield>
         <subfield code="b">ZYU</subfield>
      </datafield>
      <datafield tag="OWN" ind1=" " ind2=" ">
         <subfield code="a">GENERAL</subfield>
      </datafield>
      <datafield tag="AVA" ind1=" " ind2=" ">
         <subfield code="a">NYU50</subfield>
         <subfield code="b">NISAW</subfield>
         <subfield code="c">Reference 4 Collection</subfield>
         <subfield code="d">PJ3831 .S77 1889</subfield>
         <subfield code="e">available</subfield>
         <subfield code="t">Available</subfield>
         <subfield code="f">3</subfield>
         <subfield code="g">0</subfield>
         <subfield code="h">N</subfield>
         <subfield code="i">0</subfield>
         <subfield code="j">REF4</subfield>
         <subfield code="k">0</subfield>
      </datafield>
      <marc:datafield tag="852" ind1=" " ind2=" ">
         <marc:subfield code="b">Institute for the Study of the Ancient World, </marc:subfield>
         <marc:subfield code="c">Reference 4 Collection</marc:subfield>
         <marc:subfield code="e">15 East 84th St., </marc:subfield>
         <marc:subfield code="e">New York, NY  10028</marc:subfield>
      </marc:datafield>
   </record>