
  
  
  
  
  
  
  
 
  
  <record xsi:schemaLocation="http://www.loc.gov/MARC21/slim http://www.loc.gov/standards/marcxml/schema/MARC21slim.xsd">
      <leader>00000cam a2200325 a 45M</leader>
      <controlfield tag="FMT">BK</controlfield>
      <controlfield tag="LDR">00000cam a2200325 a 45M</controlfield>
      <controlfield tag="001">000772306</controlfield>
      <controlfield tag="003">NNU</controlfield>
      <controlfield tag="005">20140512144811.0</controlfield>
      <controlfield tag="008">000223s1998    is abe   b    100 0 eng</controlfield>
      <datafield tag="010" ind1=" " ind2=" ">
         <subfield code="a">00311971</subfield>
      </datafield>
      <datafield tag="020" ind1=" " ind2=" ">
         <subfield code="a">9657027039</subfield>
      </datafield>
      <datafield tag="035" ind1="9" ind2=" ">
         <subfield code="a">NYUb12570011</subfield>
      </datafield>
      <datafield tag="035" ind1=" " ind2=" ">
         <subfield code="a">(CStRLIN)DCLC00311971-B</subfield>
      </datafield>
      <datafield tag="040" ind1=" " ind2=" ">
         <subfield code="a">DLC</subfield>
         <subfield code="c">DLC</subfield>
         <subfield code="d">DLC</subfield>
         <subfield code="d">NNU</subfield>
      </datafield>
      <datafield tag="043" ind1=" " ind2=" ">
         <subfield code="a">aw-----</subfield>
      </datafield>
      <datafield tag="050" ind1="0" ind2="0">
         <subfield code="a">HT114</subfield>
         <subfield code="b">.C36 1998</subfield>
      </datafield>
      <datafield tag="082" ind1="0" ind2="0">
         <subfield code="a">939/.4</subfield>
         <subfield code="2">21</subfield>
      </datafield>
      <datafield tag="245" ind1="0" ind2="0">
         <subfield code="a">Capital cities :</subfield>
         <subfield code="b">urban planning and spiritual dimensions : proceedings of the symposium held on May 27-29, 1996, Jerusalem, Israel /</subfield>
         <subfield code="c">edited by Joan Goodnick Westenholz.</subfield>
      </datafield>
      <datafield tag="260" ind1=" " ind2=" ">
         <subfield code="a">Jerusalem :</subfield>
         <subfield code="b">Bible Lands Museum Jerusalem,</subfield>
         <subfield code="c">c1998.</subfield>
      </datafield>
      <datafield tag="300" ind1=" " ind2=" ">
         <subfield code="a">232 p. :</subfield>
         <subfield code="b">ill., maps, plans ;</subfield>
         <subfield code="c">28 cm.</subfield>
      </datafield>
      <datafield tag="490" ind1="1" ind2=" ">
         <subfield code="a">Bible Lands Museum Jerusalem publications ;</subfield>
         <subfield code="v">no. 2</subfield>
      </datafield>
      <datafield tag="500" ind1=" " ind2=" ">
         <subfield code="a">ISAW copy is from the Library of Hayim and Miriam Tadmor.</subfield>
         <subfield code="5">NNU</subfield>
      </datafield>
      <datafield tag="504" ind1=" " ind2=" ">
         <subfield code="a">Includes bibliographical references.</subfield>
      </datafield>
      <datafield tag="505" ind1="0" ind2="0">
         <subfield code="t">Royal city and sacred city in Mesopotamia (Abstract) /</subfield>
         <subfield code="r">Hayim Tadmor --</subfield>
         <subfield code="t">Jerusalem : a political and spiritual capital /</subfield>
         <subfield code="r">Moshe Weinfeld --</subfield>
         <subfield code="t">City of David : the Biblical concept (Abstract) /</subfield>
         <subfield code="r">Yair Zakovitch --</subfield>
         <subfield code="t">Theological foundation of the city, the capital city, and Babylon /</subfield>
         <subfield code="r">Joan Goodnick Westenholz --</subfield>
         <subfield code="t">Building a sacred capital : Akhenaten, el-Amarna, and the "House of the king's statue" /</subfield>
         <subfield code="r">Ian Shaw --</subfield>
         <subfield code="t">Hattusa : home to the thousand gods of Hatti /</subfield>
         <subfield code="r">J. David Hawkins --</subfield>
         <subfield code="t">Birth of a city : Susa /</subfield>
         <subfield code="r">Jean Perrot --</subfield>
         <subfield code="t">Environmental factors affecting urbanization in Bronze Age Anatolia /</subfield>
         <subfield code="r">Jak Yakar --</subfield>
         <subfield code="t">Royal cities in the Kingdom of Israel /</subfield>
         <subfield code="r">John Woodhead --</subfield>
         <subfield code="t">Planning a capital : Akhetaten and Akhenaten /</subfield>
         <subfield code="r">Volkmar Fritz --</subfield>
         <subfield code="t">Piramesses, the northern capital : chariots, horses, and foreign gods /</subfield>
         <subfield code="r">Anja Herrold --</subfield>
         <subfield code="t">Library at Nineveh /</subfield>
         <subfield code="r">Giovanni B. Lanfranchi --</subfield>
         <subfield code="t">Social landscape of the capital city : Ur /</subfield>
         <subfield code="r">Marcel Sigrist --</subfield>
         <subfield code="t">Mayor of Ḫattuša and his duties /</subfield>
         <subfield code="r">Itamar Singer --</subfield>
         <subfield code="t">"Antiquarian" interests of the Neo-Babylonian kings /</subfield>
         <subfield code="r">David B. Weisberg --</subfield>
         <subfield code="t">Portrait of a king /</subfield>
         <subfield code="r">Irit Ziffer --</subfield>
         <subfield code="t">"Chosen city" : the selection of Jerusalem as a capital city (Abstract) /</subfield>
         <subfield code="r">Mordechai Cogan --</subfield>
         <subfield code="t">Ascending the Mountain of the Lord : a glimpse into the Solomonic temple /</subfield>
         <subfield code="r">Victor Avigdor Hurowitz --</subfield>
         <subfield code="t">Jerusalem on the eve of its destruction /</subfield>
         <subfield code="r">Abraham Malamat.</subfield>
      </datafield>
      <datafield tag="650" ind1=" " ind2="0">
         <subfield code="a">Cities and towns, Ancient</subfield>
         <subfield code="z">Middle East</subfield>
         <subfield code="x">History</subfield>
         <subfield code="v">Congresses.</subfield>
      </datafield>
      <datafield tag="650" ind1=" " ind2="0">
         <subfield code="a">City planning</subfield>
         <subfield code="z">Middle East</subfield>
         <subfield code="x">History</subfield>
         <subfield code="y">To 1500</subfield>
         <subfield code="v">Congresses.</subfield>
      </datafield>
      <datafield tag="650" ind1=" " ind2="0">
         <subfield code="a">Urbanization</subfield>
         <subfield code="z">Middle East</subfield>
         <subfield code="x">History</subfield>
         <subfield code="y">To 1500</subfield>
         <subfield code="v">Congresses.</subfield>
      </datafield>
      <datafield tag="650" ind1=" " ind2="0">
         <subfield code="a">Excavations (Archaeology)</subfield>
         <subfield code="z">Middle East</subfield>
         <subfield code="v">Congresses.</subfield>
      </datafield>
      <datafield tag="651" ind1=" " ind2="0">
         <subfield code="a">Middle East</subfield>
         <subfield code="x">Civilization</subfield>
         <subfield code="y">To 622</subfield>
         <subfield code="v">Congresses.</subfield>
      </datafield>
      <datafield tag="651" ind1=" " ind2="0">
         <subfield code="a">Middle East</subfield>
         <subfield code="x">Antiquities</subfield>
         <subfield code="v">Congresses.</subfield>
      </datafield>
      <datafield tag="700" ind1="1" ind2=" ">
         <subfield code="a">Westenholz, Joan Goodnick,</subfield>
         <subfield code="d">1943-</subfield>
         <subfield code="e">ed.</subfield>
      </datafield>
      <datafield tag="710" ind1="2" ind2=" ">
         <subfield code="a">Muzeʼon artsot ha-Miḳra (Jerusalem)</subfield>
      </datafield>
      <datafield tag="796" ind1="1" ind2=" ">
         <subfield code="a">Tadmor, Hayim,</subfield>
         <subfield code="e">former owner.</subfield>
      </datafield>
      <datafield tag="796" ind1="1" ind2=" ">
         <subfield code="a">Tadmor, Miriam,</subfield>
         <subfield code="e">former owner.</subfield>
      </datafield>
      <datafield tag="797" ind1="2" ind2=" ">
         <subfield code="a">Tadmor Collection.</subfield>
      </datafield>
      <datafield tag="830" ind1=" " ind2="0">
         <subfield code="a">Bible Lands Museum Jerusalem publications ;</subfield>
         <subfield code="v">no. 2.</subfield>
      </datafield>
      <datafield tag="OWN" ind1=" " ind2=" ">
         <subfield code="a">GENERAL</subfield>
      </datafield>
      <datafield tag="AVA" ind1=" " ind2=" ">
         <subfield code="a">NYU50</subfield>
         <subfield code="b">NIFA</subfield>
         <subfield code="c">Main Collection</subfield>
         <subfield code="d">HT114 .C36 1998 Non-circulating</subfield>
         <subfield code="e">available</subfield>
         <subfield code="t">Available</subfield>
         <subfield code="f">1</subfield>
         <subfield code="g">0</subfield>
         <subfield code="h">N</subfield>
         <subfield code="i">0</subfield>
         <subfield code="j">MAIN</subfield>
         <subfield code="k">0</subfield>
      </datafield>
      <datafield tag="AVA" ind1=" " ind2=" ">
         <subfield code="a">NYU50</subfield>
         <subfield code="b">NISAW</subfield>
         <subfield code="c">Oversize Collection</subfield>
         <subfield code="d">HT114 .C36 1998</subfield>
         <subfield code="e">available</subfield>
         <subfield code="t">Available</subfield>
         <subfield code="f">1</subfield>
         <subfield code="g">0</subfield>
         <subfield code="h">N</subfield>
         <subfield code="i">0</subfield>
         <subfield code="j">OVERZ</subfield>
         <subfield code="k">0</subfield>
      </datafield>
      <marc:datafield tag="852" ind1=" " ind2=" ">
         <marc:subfield code="b">Institute for the Study of the Ancient World, </marc:subfield>
         <marc:subfield code="c">Oversize Collection</marc:subfield>
         <marc:subfield code="e">15 East 84th St., </marc:subfield>
         <marc:subfield code="e">New York, NY  10028</marc:subfield>
      </marc:datafield>
   </record>