
  
  
  
  
  
  
 
  
  <record xsi:schemaLocation="http://www.loc.gov/MARC21/slim http://www.loc.gov/standards/marcxml/schema/MARC21slim.xsd">
      <leader>00000cam a2200565 a 4500</leader>
      <controlfield tag="FMT">BK</controlfield>
      <controlfield tag="LDR">00000cam a2200565 a 4500</controlfield>
      <controlfield tag="001">003988273</controlfield>
      <controlfield tag="003">OCoLC</controlfield>
      <controlfield tag="005">20140516144049.0</controlfield>
      <controlfield tag="008">140513s1978    hu a     b    010 0 ger</controlfield>
      <datafield tag="010" ind1=" " ind2=" ">
         <subfield code="a">82189582</subfield>
      </datafield>
      <datafield tag="020" ind1=" " ind2=" ">
         <subfield code="a">9634613586 (set)</subfield>
      </datafield>
      <datafield tag="020" ind1=" " ind2=" ">
         <subfield code="a">9789634613589 (set)</subfield>
      </datafield>
      <datafield tag="020" ind1=" " ind2=" ">
         <subfield code="a">9634614027 (v. 2)</subfield>
      </datafield>
      <datafield tag="020" ind1=" " ind2=" ">
         <subfield code="a">9789634614029 (v. 2)</subfield>
      </datafield>
      <datafield tag="035" ind1=" " ind2=" ">
         <subfield code="a">(OCoLC)9576057</subfield>
         <subfield code="z">(OCoLC)8557292</subfield>
      </datafield>
      <datafield tag="040" ind1=" " ind2=" ">
         <subfield code="a">DLC</subfield>
         <subfield code="b">eng</subfield>
         <subfield code="c">DLC</subfield>
         <subfield code="d">OCL</subfield>
         <subfield code="d">HUC</subfield>
         <subfield code="d">OCL</subfield>
         <subfield code="d">OCLCG</subfield>
         <subfield code="d">OCLCQ</subfield>
         <subfield code="d">OCLCF</subfield>
         <subfield code="d">OCLCO</subfield>
         <subfield code="d">NNU</subfield>
      </datafield>
      <datafield tag="041" ind1="0" ind2=" ">
         <subfield code="a">ger</subfield>
         <subfield code="a">eng</subfield>
         <subfield code="a">fre</subfield>
      </datafield>
      <datafield tag="050" ind1="0" ind2="4">
         <subfield code="a">AC9</subfield>
         <subfield code="b">.F47 1978</subfield>
      </datafield>
      <datafield tag="082" ind1="0" ind2=" ">
         <subfield code="a">080</subfield>
         <subfield code="2">19</subfield>
      </datafield>
      <datafield tag="245" ind1="0" ind2="0">
         <subfield code="a">Festschrift Lubor Matouš /</subfield>
         <subfield code="c">herausgegeben von B. Hruška, G. Komoróczy.</subfield>
      </datafield>
      <datafield tag="260" ind1=" " ind2=" ">
         <subfield code="a">Budapest :</subfield>
         <subfield code="b">Eötvös Loránd Tudományegyetem, Ókori Történeti Tanszekek,</subfield>
         <subfield code="c">1978.</subfield>
      </datafield>
      <datafield tag="300" ind1=" " ind2=" ">
         <subfield code="a">2 v. :</subfield>
         <subfield code="b">ill. ;</subfield>
         <subfield code="c">20 cm.</subfield>
      </datafield>
      <datafield tag="490" ind1="1" ind2=" ">
         <subfield code="a">Az Eötvös Loránd Tudományegyetem ókori történeti tanszékeinek kiadványai,</subfield>
         <subfield code="x">0324-4164 ;</subfield>
         <subfield code="v">24-25</subfield>
      </datafield>
      <datafield tag="490" ind1="1" ind2=" ">
         <subfield code="a">Assyriologia,</subfield>
         <subfield code="x">0209-8061 ;</subfield>
         <subfield code="v">4-5</subfield>
      </datafield>
      <datafield tag="546" ind1=" " ind2=" ">
         <subfield code="a">Contributions in English, French, or German.</subfield>
      </datafield>
      <datafield tag="504" ind1=" " ind2=" ">
         <subfield code="a">"Lubor Matouš: Bibliographie": v. 1, p. 11-28.</subfield>
      </datafield>
      <datafield tag="504" ind1=" " ind2=" ">
         <subfield code="a">Includes bibliographical references.</subfield>
      </datafield>
      <datafield tag="505" ind1="0" ind2="0">
         <subfield code="t">Sumerische Phonem |ĝ| /</subfield>
         <subfield code="r">J. Krecher --</subfield>
         <subfield code="t">Nabû hymns on cylinders /</subfield>
         <subfield code="r">W. G. Lambert --</subfield>
         <subfield code="t">Four letters from the Walters Art Gallery, Baltimore /</subfield>
         <subfield code="r">M. T. Larsen --</subfield>
         <subfield code="t">Some data about Šūbultum /</subfield>
         <subfield code="r">K. Łyczkowska --</subfield>
         <subfield code="t">Überlegungen zur Geschichte der ugaritischen Literatur /</subfield>
         <subfield code="r">M. Maróth --</subfield>
         <subfield code="t">Neuer Beleg zur staatlichen Viehwirtschaft in altsumerischer Zeit /</subfield>
         <subfield code="r">M. Müller --</subfield>
         <subfield code="t">Zur neu- und spätbabylonischen Siegel-praxis /</subfield>
         <subfield code="r">J. Oelsner --</subfield>
         <subfield code="t">On land tenure in Assyria /</subfield>
         <subfield code="r">J. Pečírková --</subfield>
         <subfield code="t">Tradition der erotischen Poesie im Nahen Orient und ihre Ausmündung in die romanische Lyrik /</subfield>
         <subfield code="r">K. Petráček --</subfield>
         <subfield code="t">Contribution to the history of money in Mesopotamia prior to the invention of coinage /</subfield>
         <subfield code="r">M. A. Powell --</subfield>
         <subfield code="t">Beschwörung eines zum Ersatz gegebenen Zickleins /</subfield>
         <subfield code="r">J. Prosecký --</subfield>
         <subfield code="t">Rendering of Ugaritic Phonemes by cuneiform syllabic signs in the quadrilingual vocabularies from Ras Shamra /</subfield>
         <subfield code="r">S. Segert --</subfield>
         <subfield code="t">Interprétation d'un mot néo-assyrien /</subfield>
         <subfield code="r">P. Vargyas --</subfield>
         <subfield code="t">Ancient Anatolian money-lender. His loans, securities and debt-slaves /</subfield>
         <subfield code="r">K. R. Veenhof.</subfield>
      </datafield>
      <datafield tag="500" ind1=" " ind2=" ">
         <subfield code="a">ISAW copy is from the Library of Hayim and Miriam Tadmor.</subfield>
         <subfield code="5">NNU</subfield>
      </datafield>
      <datafield tag="600" ind1="1" ind2="0">
         <subfield code="a">Matouš, Lubor.</subfield>
      </datafield>
      <datafield tag="600" ind1="1" ind2="0">
         <subfield code="a">Hruška, B.</subfield>
         <subfield code="q">(Blahoslav)</subfield>
      </datafield>
      <datafield tag="650" ind1=" " ind2="0">
         <subfield code="a">Cuneiform inscriptions.</subfield>
      </datafield>
      <datafield tag="650" ind1=" " ind2="0">
         <subfield code="a">Civilization, Assyro-Babylonian.</subfield>
      </datafield>
      <datafield tag="600" ind1="1" ind2="7">
         <subfield code="a">Hruška, B.</subfield>
         <subfield code="q">(Blahoslav)</subfield>
         <subfield code="2">fast</subfield>
         <subfield code="0">(OCoLC)fst00110075</subfield>
      </datafield>
      <datafield tag="600" ind1="1" ind2="7">
         <subfield code="a">Matouš, Lubor.</subfield>
         <subfield code="2">fast</subfield>
         <subfield code="0">(OCoLC)fst00110074</subfield>
      </datafield>
      <datafield tag="650" ind1=" " ind2="7">
         <subfield code="a">Civilization, Assyro-Babylonian.</subfield>
         <subfield code="2">fast</subfield>
         <subfield code="0">(OCoLC)fst00862983</subfield>
      </datafield>
      <datafield tag="650" ind1=" " ind2="7">
         <subfield code="a">Cuneiform inscriptions.</subfield>
         <subfield code="2">fast</subfield>
         <subfield code="0">(OCoLC)fst00885195</subfield>
      </datafield>
      <datafield tag="700" ind1="1" ind2=" ">
         <subfield code="a">Matouš, Lubor.</subfield>
      </datafield>
      <datafield tag="700" ind1="1" ind2=" ">
         <subfield code="a">Komoróczy, Géza.</subfield>
      </datafield>
      <datafield tag="776" ind1="0" ind2="8">
         <subfield code="i">Online version:</subfield>
         <subfield code="t">Festschrift Lubor Matouš</subfield>
         <subfield code="d">Budapest : Eötvös Loránd Tudományegyetem, Ókori Történeti Tanszekek, 1978</subfield>
         <subfield code="w">(OCoLC)672555043</subfield>
      </datafield>
      <datafield tag="796" ind1="1" ind2=" ">
         <subfield code="a">Tadmor, Hayim,</subfield>
         <subfield code="e">former owner.</subfield>
      </datafield>
      <datafield tag="796" ind1="1" ind2=" ">
         <subfield code="a">Tadmor, Miriam,</subfield>
         <subfield code="e">former owner.</subfield>
      </datafield>
      <datafield tag="797" ind1="2" ind2=" ">
         <subfield code="a">Tadmor Collection.</subfield>
      </datafield>
      <datafield tag="830" ind1=" " ind2="0">
         <subfield code="a">Eötvös Loránd Tudományegyetem ókori történeti tanszékeinek kiadványai ;</subfield>
         <subfield code="v">24-25.</subfield>
         <subfield code="x">0324-4164</subfield>
      </datafield>
      <datafield tag="830" ind1=" " ind2="0">
         <subfield code="a">Assyriologia ;</subfield>
         <subfield code="v">4-5.</subfield>
         <subfield code="x">0209-8061</subfield>
      </datafield>
      <datafield tag="994" ind1=" " ind2=" ">
         <subfield code="a">Z0</subfield>
         <subfield code="b">ZYU</subfield>
      </datafield>
      <datafield tag="OWN" ind1=" " ind2=" ">
         <subfield code="a">GENERAL</subfield>
      </datafield>
      <datafield tag="AVA" ind1=" " ind2=" ">
         <subfield code="a">NYU50</subfield>
         <subfield code="b">NISAW</subfield>
         <subfield code="c">Small Collection</subfield>
         <subfield code="d">AC9 .F47 1978</subfield>
         <subfield code="e">available</subfield>
         <subfield code="t">Available</subfield>
         <subfield code="f">1</subfield>
         <subfield code="g">0</subfield>
         <subfield code="h">N</subfield>
         <subfield code="i">0</subfield>
         <subfield code="j">SMALL</subfield>
         <subfield code="k">0</subfield>
      </datafield>
      <marc:datafield tag="852" ind1=" " ind2=" ">
         <marc:subfield code="b">Institute for the Study of the Ancient World, </marc:subfield>
         <marc:subfield code="c">Small Collection</marc:subfield>
         <marc:subfield code="e">15 East 84th St., </marc:subfield>
         <marc:subfield code="e">New York, NY  10028</marc:subfield>
      </marc:datafield>
   </record>