
  
  
  
  
  
  
 
  
  <record xsi:schemaLocation="http://www.loc.gov/MARC21/slim http://www.loc.gov/standards/marcxml/schema/MARC21slim.xsd">
      <leader>00000cam a2200313 a 4500</leader>
      <controlfield tag="FMT">BK</controlfield>
      <controlfield tag="LDR">00000cam a2200313 a 4500</controlfield>
      <controlfield tag="001">002127621</controlfield>
      <controlfield tag="003">NNU</controlfield>
      <controlfield tag="005">20140513130042.0</controlfield>
      <controlfield tag="008">931118s1993    mduac    b    010 0 eng</controlfield>
      <datafield tag="010" ind1=" " ind2=" ">
         <subfield code="a">92042780</subfield>
      </datafield>
      <datafield tag="020" ind1=" " ind2=" ">
         <subfield code="a">0962001392</subfield>
      </datafield>
      <datafield tag="035" ind1=" " ind2=" ">
         <subfield code="a">(CStRLIN)NYUG93-B56422</subfield>
      </datafield>
      <datafield tag="035" ind1=" " ind2=" ">
         <subfield code="a">GLIS011090629</subfield>
      </datafield>
      <datafield tag="035" ind1="9" ind2=" ">
         <subfield code="a">NYUb11109062</subfield>
      </datafield>
      <datafield tag="040" ind1=" " ind2=" ">
         <subfield code="a">DLC</subfield>
         <subfield code="c">DLC</subfield>
         <subfield code="d">DLC</subfield>
         <subfield code="d">NNU</subfield>
      </datafield>
      <datafield tag="041" ind1="0" ind2=" ">
         <subfield code="a">eng</subfield>
         <subfield code="a">fre</subfield>
         <subfield code="a">ger</subfield>
      </datafield>
      <datafield tag="043" ind1=" " ind2=" ">
         <subfield code="a">aw-----</subfield>
      </datafield>
      <datafield tag="050" ind1="0" ind2="0">
         <subfield code="a">PJ3002.Z5</subfield>
         <subfield code="b">H26 1993</subfield>
      </datafield>
      <datafield tag="082" ind1="0" ind2="0">
         <subfield code="a">492</subfield>
         <subfield code="2">20</subfield>
      </datafield>
      <datafield tag="245" ind1="0" ind2="4">
         <subfield code="a">The tablet and the scroll :</subfield>
         <subfield code="b">Near Eastern studies in honor of William W. Hallo /</subfield>
         <subfield code="c">edited by Mark E. Cohen, Daniel C. Snell, David B. Weisberg.</subfield>
      </datafield>
      <datafield tag="260" ind1=" " ind2=" ">
         <subfield code="a">Bethesda, Md. :</subfield>
         <subfield code="b">CDL Press,</subfield>
         <subfield code="c">1993.</subfield>
      </datafield>
      <datafield tag="300" ind1=" " ind2=" ">
         <subfield code="a">xvi, 333 p. :</subfield>
         <subfield code="b">ill., port. ;</subfield>
         <subfield code="c">31 cm.</subfield>
      </datafield>
      <datafield tag="546" ind1=" " ind2=" ">
         <subfield code="a">Contributions chiefly in English; 1 contribution in French, 2 contributions in German.</subfield>
      </datafield>
      <datafield tag="500" ind1=" " ind2=" ">
         <subfield code="a">ISAW copy is from the Library of Hayim and Miriam Tadmor.</subfield>
         <subfield code="5">NNU</subfield>
      </datafield>
      <datafield tag="504" ind1=" " ind2=" ">
         <subfield code="a">Includes bibliographical references.</subfield>
      </datafield>
      <datafield tag="504" ind1=" " ind2=" ">
         <subfield code="a">Publications of W.W. Hallo: p. xi-xvi.</subfield>
      </datafield>
      <datafield tag="505" ind1="0" ind2="0">
         <subfield code="t">Gilgamesh's request and Siduri's denial. pt. I. The meaning of the dialogue and its implications for the history of the epic /</subfield>
         <subfield code="r">Tzvi Abusch --</subfield>
         <subfield code="t">Marriage and love in the Sumerian love songs /</subfield>
         <subfield code="r">Bendt Alster --</subfield>
         <subfield code="t">The Great King : a preeminent royal title in cuneiform sources and the Bible /</subfield>
         <subfield code="r">Pinhas Artzi, Abraham Malamat --</subfield>
         <subfield code="t">Sumerisches Sprichwort /</subfield>
         <subfield code="r">Josef Bauer --</subfield>
         <subfield code="t">Historical background of the Uruk Prophecy /</subfield>
         <subfield code="r">Paul-Alain Beaulieu --</subfield>
         <subfield code="t">Some observations on the Šuppiluliuma-Šattiwaza treaties /</subfield>
         <subfield code="r">Gary Beckman --</subfield>
         <subfield code="t">Through a tablet darkly : a reconstruction of Old Akkadian monuments described in Old Babylonian copies /</subfield>
         <subfield code="r">Giorgio Buccellati --</subfield>
         <subfield code="t">On Mesopotamian jails and their lady warden /</subfield>
         <subfield code="r">Miguel Civil --</subfield>
         <subfield code="t">Two versions of a Fara-period name-list /</subfield>
         <subfield code="r">Mark E. Cohen --</subfield>
         <subfield code="t">Akkadian bīt pirišti /</subfield>
         <subfield code="r">L. Timothy Doty --</subfield>
         <subfield code="t">mar-URU5 : tempest in a deluge /</subfield>
         <subfield code="r">Barry L. Eichler --</subfield>
         <subfield code="t">"Forerunners" and "standard versions" : a few thoughts about terminology /</subfield>
         <subfield code="r">Walter Farber --</subfield>
         <subfield code="t">Letters and literature : a ghost's entreaty /</subfield>
         <subfield code="r">Benjamin R. Foster --</subfield>
         <subfield code="t">Astral Dumuzi /</subfield>
         <subfield code="r">Daniel A. Foxvog --</subfield>
         <subfield code="t">Vocalized consonants : the key to um-ma/en-ma/[Hebrew characters] /</subfield>
         <subfield code="r">Cyrus H. Gordon --</subfield>
         <subfield code="t">Gendered old age in Enuma Elish /</subfield>
         <subfield code="r">Rivkah Harris --</subfield>
         <subfield code="t">Akkadian šumma immeru texts and their Hurro-Hittite counterparts /</subfield>
         <subfield code="r">Harry A. Hoffner, Jr. --</subfield>
         <subfield code="t">Descent of Enki /</subfield>
         <subfield code="r">Thorkild Jacobsen --</subfield>
         <subfield code="t">Self-laudatory Šulgi hymn fragment from Nippur /</subfield>
         <subfield code="r">Jacob Klein --</subfield>
         <subfield code="t">Sheep lungs /</subfield>
         <subfield code="r">Erle Leichty --</subfield>
         <subfield code="t">On the semantics of land tenure in biblical literature : the term 'aḥuzzāh /</subfield>
         <subfield code="r">Baruch A. Levine --</subfield>
         <subfield code="t">Vocabulaire technique du droit en sumérien /</subfield>
         <subfield code="r">Henri Limet --</subfield>
         <subfield code="t">Heavenly wisdom /</subfield>
         <subfield code="r">Peter Machinist, Hayim Tadmor --</subfield>
         <subfield code="t">Torch and the censer /</subfield>
         <subfield code="r">Piotr Michalowski --</subfield>
         <subfield code="t">Mirror belonging to the Lady-of-Uruk /</subfield>
         <subfield code="r">Karen Rhea Nemet-Nejat --</subfield>
         <subfield code="t">Systemic integration and theology : the concept of zekhut in formative Judaism /</subfield>
         <subfield code="r">Jacob Neusner --</subfield>
      </datafield>
      <datafield tag="505" ind1="0" ind2="0">
         <subfield code="t">Some new evidence on Yaḥmadiu = Aḫlamû /</subfield>
         <subfield code="r">David I. Owen --</subfield>
         <subfield code="t">Statements of purpose : why the scribes wrote /</subfield>
         <subfield code="r">Laurie E. Pearce --</subfield>
         <subfield code="t">Conquest or kudurru's? : a note on peaceful strategies of Assyrian government /</subfield>
         <subfield code="r">Barbara Nevling Porter --</subfield>
         <subfield code="t">Nammu and Enki /</subfield>
         <subfield code="r">Herbert Sauren --</subfield>
         <subfield code="t">From the bookshelf of a professional wailer /</subfield>
         <subfield code="r">Aaron Shaffer --</subfield>
         <subfield code="t">Ape from the mountain who became the king of Isin /</subfield>
         <subfield code="r">Åke W. Sjöberg --</subfield>
         <subfield code="t">Ancient Israelite and Neo-Assyrian societies and economies /</subfield>
         <subfield code="r">Daniel C. Snell --</subfield>
         <subfield code="t">ḤBR and friends /</subfield>
         <subfield code="r">S. David Sperling --</subfield>
         <subfield code="t">New omen text concerning the "yoke" (nīru) of the liver /</subfield>
         <subfield code="r">Ivan Starr --</subfield>
         <subfield code="t">Observations on the Sumerian personal names in Ebla sources and on the onomasticon of Mari and Kish /</subfield>
         <subfield code="r">Piotr Steinkeller --</subfield>
         <subfield code="t">Biblical idiom in Akkadian /</subfield>
         <subfield code="r">Marten Stol --</subfield>
         <subfield code="t">On evaluating claims of literary borrowing /</subfield>
         <subfield code="r">Jeffrey H. Tigay --</subfield>
         <subfield code="t">Amos 7:14 : present or preterit? /</subfield>
         <subfield code="r">Matitiahu Tsevat --</subfield>
         <subfield code="t">Inscribed bead of Queen Zakûtu /</subfield>
         <subfield code="r">Marc Van De Mieroop --</subfield>
         <subfield code="t">Assyriology and history : a comparative study of war and empire in Assyria, Athens, and Rome /</subfield>
         <subfield code="r">R.J. van der Spek --</subfield>
         <subfield code="t">Haftung mit Privatvermögen bei Nicht-Erfüllung von Dienstverpflichtungen /</subfield>
         <subfield code="r">Hartmut Waetzoldt --</subfield>
         <subfield code="t">Zodiacal signs among the seal impressions from Hellenistic Uruk /</subfield>
         <subfield code="r">Ronald Wallenfels --</subfield>
         <subfield code="t">Childless Michal, mother of five /</subfield>
         <subfield code="r">Stanley D. Walters --</subfield>
         <subfield code="t">Sale of property in Uruk from the time of Esarhaddon, "king of lands" /</subfield>
         <subfield code="r">David B. Weisberg --</subfield>
         <subfield code="t">Late great tradition in ancient Mesopotamia /</subfield>
         <subfield code="r">Norman Yoffee --</subfield>
         <subfield code="t">On the aspectual difference between tùm and túm-mu /</subfield>
         <subfield code="r">Mamoru Yoshikawa --</subfield>
         <subfield code="t">On the Amorite material from Mesopotamia /</subfield>
         <subfield code="r">Ran Zadok.</subfield>
      </datafield>
      <datafield tag="600" ind1="1" ind2="0">
         <subfield code="a">Hallo, William W.</subfield>
      </datafield>
      <datafield tag="650" ind1=" " ind2="0">
         <subfield code="a">Semitic philology.</subfield>
      </datafield>
      <datafield tag="651" ind1=" " ind2="0">
         <subfield code="a">Middle East</subfield>
         <subfield code="x">Civilization.</subfield>
      </datafield>
      <datafield tag="700" ind1="1" ind2=" ">
         <subfield code="a">Cohen, Mark E.</subfield>
         <subfield code="e">ed.</subfield>
      </datafield>
      <datafield tag="700" ind1="1" ind2=" ">
         <subfield code="a">Snell, Daniel C.</subfield>
         <subfield code="e">ed.</subfield>
      </datafield>
      <datafield tag="700" ind1="1" ind2=" ">
         <subfield code="a">Weisberg, David B.</subfield>
         <subfield code="e">ed.</subfield>
      </datafield>
      <datafield tag="700" ind1="1" ind2=" ">
         <subfield code="a">Hallo, William W.</subfield>
      </datafield>
      <datafield tag="796" ind1="1" ind2=" ">
         <subfield code="a">Tadmor, Hayim,</subfield>
         <subfield code="e">former owner.</subfield>
      </datafield>
      <datafield tag="796" ind1="1" ind2=" ">
         <subfield code="a">Tadmor, Miriam,</subfield>
         <subfield code="e">former owner.</subfield>
      </datafield>
      <datafield tag="797" ind1="2" ind2=" ">
         <subfield code="a">Tadmor Collection.</subfield>
      </datafield>
      <datafield tag="OWN" ind1=" " ind2=" ">
         <subfield code="a">GENERAL</subfield>
      </datafield>
      <datafield tag="AVA" ind1=" " ind2=" ">
         <subfield code="a">NYU50</subfield>
         <subfield code="b">BOBST</subfield>
         <subfield code="c">Main Collection</subfield>
         <subfield code="d">PJ3002.Z5 H26 1993 Oversize</subfield>
         <subfield code="e">available</subfield>
         <subfield code="t">Available</subfield>
         <subfield code="f">2</subfield>
         <subfield code="g">1</subfield>
         <subfield code="h">N</subfield>
         <subfield code="i">9</subfield>
         <subfield code="j">MAIN</subfield>
         <subfield code="k">0</subfield>
      </datafield>
      <datafield tag="AVA" ind1=" " ind2=" ">
         <subfield code="a">NYU50</subfield>
         <subfield code="b">NIFA</subfield>
         <subfield code="c">Main Collection</subfield>
         <subfield code="d">PJ3002.Z5 H26 1993 Non-circulating</subfield>
         <subfield code="e">unavailable</subfield>
         <subfield code="t">Unavailable</subfield>
         <subfield code="f">1</subfield>
         <subfield code="g">1</subfield>
         <subfield code="h">N</subfield>
         <subfield code="i">0</subfield>
         <subfield code="j">MAIN</subfield>
         <subfield code="k">0</subfield>
      </datafield>
      <datafield tag="AVA" ind1=" " ind2=" ">
         <subfield code="a">NYU50</subfield>
         <subfield code="b">NISAW</subfield>
         <subfield code="c">Oversize Collection</subfield>
         <subfield code="d">PJ3002.Z5 H26 1993</subfield>
         <subfield code="e">available</subfield>
         <subfield code="t">Available</subfield>
         <subfield code="f">1</subfield>
         <subfield code="g">0</subfield>
         <subfield code="h">N</subfield>
         <subfield code="i">0</subfield>
         <subfield code="j">OVERZ</subfield>
         <subfield code="k">0</subfield>
      </datafield>
      <marc:datafield tag="852" ind1=" " ind2=" ">
         <marc:subfield code="b">Institute for the Study of the Ancient World, </marc:subfield>
         <marc:subfield code="c">Oversize Collection</marc:subfield>
         <marc:subfield code="e">15 East 84th St., </marc:subfield>
         <marc:subfield code="e">New York, NY  10028</marc:subfield>
      </marc:datafield>
   </record>