
  
  
  
  
  
  
  
 
  
  <record xsi:schemaLocation="http://www.loc.gov/MARC21/slim http://www.loc.gov/standards/marcxml/schema/MARC21slim.xsd">
      <leader>00000nam a22002650  45M</leader>
      <controlfield tag="FMT">BK</controlfield>
      <controlfield tag="LDR">00000nam a22002650  45M</controlfield>
      <controlfield tag="001">002587767</controlfield>
      <controlfield tag="003">NNU</controlfield>
      <controlfield tag="005">20140513141953.0</controlfield>
      <controlfield tag="008">800804s1964    gw       b    000 0 ger d</controlfield>
      <datafield tag="035" ind1="9" ind2=" ">
         <subfield code="a">NYUb10261765</subfield>
      </datafield>
      <datafield tag="035" ind1=" " ind2=" ">
         <subfield code="a">GLIS002617655</subfield>
      </datafield>
      <datafield tag="035" ind1=" " ind2=" ">
         <subfield code="a">(CStRLIN)NYUG6583669B</subfield>
      </datafield>
      <datafield tag="040" ind1=" " ind2=" ">
         <subfield code="a">ICL</subfield>
         <subfield code="c">ICL</subfield>
         <subfield code="d">NNU</subfield>
         <subfield code="d">CStRLIN</subfield>
      </datafield>
      <datafield tag="043" ind1=" " ind2=" ">
         <subfield code="a">f-et---</subfield>
      </datafield>
      <datafield tag="050" ind1=" " ind2="4">
         <subfield code="a">DT383</subfield>
         <subfield code="b">.H3 1964</subfield>
      </datafield>
      <datafield tag="100" ind1="0" ind2=" ">
         <subfield code="a">Sergew Hable Selassie,</subfield>
         <subfield code="d">1929-2003.</subfield>
      </datafield>
      <datafield tag="245" ind1="1" ind2="0">
         <subfield code="a">Beziehungen Äthiopiens zur griechisch-römischen Welt /</subfield>
         <subfield code="c">von Sergew Hable-Selassie.</subfield>
      </datafield>
      <datafield tag="260" ind1=" " ind2=" ">
         <subfield code="a">Bonn :</subfield>
         <subfield code="b">R. Habelt,</subfield>
         <subfield code="c">1964.</subfield>
      </datafield>
      <datafield tag="300" ind1=" " ind2=" ">
         <subfield code="a">124 p. ;</subfield>
         <subfield code="c">21 cm.</subfield>
      </datafield>
      <datafield tag="490" ind1="1" ind2=" ">
         <subfield code="a">Habelts Dissertationsdrucke. Reihe Alte Geschichte ;</subfield>
         <subfield code="v">Heft 2</subfield>
      </datafield>
      <datafield tag="500" ind1=" " ind2=" ">
         <subfield code="a">Vita.</subfield>
      </datafield>
      <datafield tag="500" ind1=" " ind2=" ">
         <subfield code="a">ISAW copy is from the Library of Pieter Sijpesteijn.</subfield>
         <subfield code="5">NNU</subfield>
      </datafield>
      <datafield tag="502" ind1=" " ind2=" ">
         <subfield code="a">Thesis--Bonn.</subfield>
      </datafield>
      <datafield tag="504" ind1=" " ind2=" ">
         <subfield code="a">Bibliography: p. 108-124.</subfield>
      </datafield>
      <datafield tag="651" ind1=" " ind2="0">
         <subfield code="a">Ethiopia</subfield>
         <subfield code="x">History</subfield>
         <subfield code="y">To 1490.</subfield>
      </datafield>
      <datafield tag="651" ind1=" " ind2="0">
         <subfield code="a">Ethiopia</subfield>
         <subfield code="x">Antiquities.</subfield>
      </datafield>
      <datafield tag="796" ind1="1" ind2=" ">
         <subfield code="a">Sijpesteijn, P. J.,</subfield>
         <subfield code="e">former owner.</subfield>
      </datafield>
      <datafield tag="797" ind1="2" ind2=" ">
         <subfield code="a">Sijpesteijn Collection.</subfield>
      </datafield>
      <datafield tag="830" ind1=" " ind2="0">
         <subfield code="a">Habelts Dissertationsdrucke.</subfield>
         <subfield code="p">Reihe Alte Geschichte ;</subfield>
         <subfield code="v">Heft 2.</subfield>
      </datafield>
      <datafield tag="OWN" ind1=" " ind2=" ">
         <subfield code="a">GENERAL</subfield>
      </datafield>
      <datafield tag="950" ind1=" " ind2=" ">
         <subfield code="l">FStack</subfield>
         <subfield code="a">DT383</subfield>
         <subfield code="b">.H3</subfield>
         <subfield code="i">01/01/01 N</subfield>
         <subfield code="x">60</subfield>
      </datafield>
      <datafield tag="AVA" ind1=" " ind2=" ">
         <subfield code="a">NYU50</subfield>
         <subfield code="b">NIFA</subfield>
         <subfield code="c">Egyptian</subfield>
         <subfield code="d">DT383 .H3 Non-circulating</subfield>
         <subfield code="e">available</subfield>
         <subfield code="t">Available</subfield>
         <subfield code="f">1</subfield>
         <subfield code="g">0</subfield>
         <subfield code="h">N</subfield>
         <subfield code="i">0</subfield>
         <subfield code="j">EGYPT</subfield>
         <subfield code="k">0</subfield>
      </datafield>
      <datafield tag="AVA" ind1=" " ind2=" ">
         <subfield code="a">NYU50</subfield>
         <subfield code="b">NISAW</subfield>
         <subfield code="c">Small Collection</subfield>
         <subfield code="d">DT383 .H3 1964</subfield>
         <subfield code="e">available</subfield>
         <subfield code="t">Available</subfield>
         <subfield code="f">1</subfield>
         <subfield code="g">0</subfield>
         <subfield code="h">N</subfield>
         <subfield code="i">0</subfield>
         <subfield code="j">SMALL</subfield>
         <subfield code="k">0</subfield>
      </datafield>
      <marc:datafield tag="852" ind1=" " ind2=" ">
         <marc:subfield code="b">Institute for the Study of the Ancient World, </marc:subfield>
         <marc:subfield code="c">Small Collection</marc:subfield>
         <marc:subfield code="e">15 East 84th St., </marc:subfield>
         <marc:subfield code="e">New York, NY  10028</marc:subfield>
      </marc:datafield>
   </record>