
  
  
  
  
  
  
 
  
  <record xsi:schemaLocation="http://www.loc.gov/MARC21/slim http://www.loc.gov/standards/marcxml/schema/MARC21slim.xsd">
      <leader>00000cam  2200529 i 4500</leader>
      <controlfield tag="FMT">BK</controlfield>
      <controlfield tag="LDR">00000cam  2200529 i 4500</controlfield>
      <controlfield tag="001">003988743</controlfield>
      <controlfield tag="003">OCoLC</controlfield>
      <controlfield tag="005">20140514133248.0</controlfield>
      <controlfield tag="008">140514s1956    enk           001 0 eng d</controlfield>
      <datafield tag="015" ind1=" " ind2=" ">
         <subfield code="a">GB56-11429</subfield>
      </datafield>
      <datafield tag="035" ind1=" " ind2=" ">
         <subfield code="a">(OCoLC)3903262</subfield>
         <subfield code="z">(OCoLC)5759152</subfield>
      </datafield>
      <datafield tag="040" ind1=" " ind2=" ">
         <subfield code="a">EXB</subfield>
         <subfield code="b">eng</subfield>
         <subfield code="c">EXB</subfield>
         <subfield code="d">UKM</subfield>
         <subfield code="d">OCLCQ</subfield>
         <subfield code="d">NLGGC</subfield>
         <subfield code="d">OCLCG</subfield>
         <subfield code="d">DEBBG</subfield>
         <subfield code="d">OCLCQ</subfield>
         <subfield code="d">OCLCO</subfield>
         <subfield code="d">OCLCF</subfield>
         <subfield code="d">NNU</subfield>
      </datafield>
      <datafield tag="043" ind1=" " ind2=" ">
         <subfield code="a">e------</subfield>
         <subfield code="a">aw-----</subfield>
         <subfield code="a">ff-----</subfield>
         <subfield code="a">e-it---</subfield>
      </datafield>
      <datafield tag="050" ind1=" " ind2="4">
         <subfield code="a">DG272</subfield>
         <subfield code="b">.C3713 1956</subfield>
      </datafield>
      <datafield tag="082" ind1="0" ind2="4">
         <subfield code="a">937.6</subfield>
      </datafield>
      <datafield tag="084" ind1=" " ind2=" ">
         <subfield code="a">15.52</subfield>
         <subfield code="2">bcl</subfield>
      </datafield>
      <datafield tag="100" ind1="1" ind2=" ">
         <subfield code="a">Carcopino, Jérôme,</subfield>
         <subfield code="d">1881-1970.</subfield>
      </datafield>
      <datafield tag="240" ind1="1" ind2="0">
         <subfield code="a">Vie quotidienne à Rome à l'apogée de l'Empire.</subfield>
         <subfield code="l">English</subfield>
      </datafield>
      <datafield tag="245" ind1="1" ind2="0">
         <subfield code="a">Daily life in ancient Rome :</subfield>
         <subfield code="b">the people and the city at the height of the empire /</subfield>
         <subfield code="c">by Jérôme Carcopino ; edited with bibliography and notes by Henry T. Rowell ; translated from the French by E.O. Lorimer.</subfield>
      </datafield>
      <datafield tag="260" ind1=" " ind2=" ">
         <subfield code="a">Harmondsworth, Middlesex :</subfield>
         <subfield code="b">Penguin Books,</subfield>
         <subfield code="c">1956.</subfield>
      </datafield>
      <datafield tag="300" ind1=" " ind2=" ">
         <subfield code="a">350 p. ;</subfield>
         <subfield code="c">19 cm.</subfield>
      </datafield>
      <datafield tag="500" ind1=" " ind2=" ">
         <subfield code="a">"First published in England 1941."</subfield>
      </datafield>
      <datafield tag="500" ind1=" " ind2=" ">
         <subfield code="a">"The daily round of business appointments, social calls, work, and leisure amid the tumult and power of Rome in the second century A.D."--On cover.</subfield>
      </datafield>
      <datafield tag="504" ind1=" " ind2=" ">
         <subfield code="a">"Sources of information", p. [277]-286.</subfield>
      </datafield>
      <datafield tag="500" ind1=" " ind2=" ">
         <subfield code="a">ISAW copy is from the Library of Pieter Sijpesteijn.</subfield>
         <subfield code="5">NNU</subfield>
      </datafield>
      <datafield tag="651" ind1=" " ind2="0">
         <subfield code="a">Rome</subfield>
         <subfield code="x">Social life and customs.</subfield>
      </datafield>
      <datafield tag="651" ind1=" " ind2="0">
         <subfield code="a">Rome (Italy)</subfield>
         <subfield code="x">History.</subfield>
      </datafield>
      <datafield tag="650" ind1="1" ind2="7">
         <subfield code="a">Dagelijks leven.</subfield>
         <subfield code="2">gtt</subfield>
      </datafield>
      <datafield tag="650" ind1="1" ind2="7">
         <subfield code="a">Romeinse oudheid.</subfield>
         <subfield code="2">gtt</subfield>
      </datafield>
      <datafield tag="650" ind1="0" ind2="7">
         <subfield code="a">Alltag.</subfield>
         <subfield code="2">swd</subfield>
      </datafield>
      <datafield tag="650" ind1="0" ind2="7">
         <subfield code="a">Kultur.</subfield>
         <subfield code="2">swd</subfield>
      </datafield>
      <datafield tag="651" ind1=" " ind2="7">
         <subfield code="a">Römisches Reich.</subfield>
         <subfield code="2">swd</subfield>
      </datafield>
      <datafield tag="650" ind1=" " ind2="7">
         <subfield code="a">Manners and customs.</subfield>
         <subfield code="2">fast</subfield>
         <subfield code="0">(OCoLC)fst01007815</subfield>
      </datafield>
      <datafield tag="651" ind1=" " ind2="7">
         <subfield code="a">Italy</subfield>
         <subfield code="z">Rome.</subfield>
         <subfield code="2">fast</subfield>
         <subfield code="0">(OCoLC)fst01204500</subfield>
      </datafield>
      <datafield tag="651" ind1=" " ind2="7">
         <subfield code="a">Rome (Empire)</subfield>
         <subfield code="2">fast</subfield>
         <subfield code="0">(OCoLC)fst01204885</subfield>
      </datafield>
      <datafield tag="648" ind1=" " ind2="7">
         <subfield code="a">Geschichte 50-138.</subfield>
         <subfield code="2">swd</subfield>
      </datafield>
      <datafield tag="655" ind1=" " ind2="7">
         <subfield code="a">History.</subfield>
         <subfield code="2">fast</subfield>
         <subfield code="0">(OCoLC)fst01411628</subfield>
      </datafield>
      <datafield tag="796" ind1="1" ind2=" ">
         <subfield code="a">Sijpesteijn, P. J.,</subfield>
         <subfield code="e">former owner.</subfield>
      </datafield>
      <datafield tag="797" ind1="2" ind2=" ">
         <subfield code="a">Sijpesteijn Collection.</subfield>
      </datafield>
      <datafield tag="700" ind1="1" ind2=" ">
         <subfield code="a">Rowell, Henry Thompson,</subfield>
         <subfield code="e">ed.</subfield>
      </datafield>
      <datafield tag="700" ind1="1" ind2=" ">
         <subfield code="a">Lorimer, Emily Overend,</subfield>
         <subfield code="d">1881-</subfield>
         <subfield code="e">tr.</subfield>
      </datafield>
      <datafield tag="994" ind1=" " ind2=" ">
         <subfield code="a">Z0</subfield>
         <subfield code="b">ZYU</subfield>
      </datafield>
      <datafield tag="OWN" ind1=" " ind2=" ">
         <subfield code="a">GENERAL</subfield>
      </datafield>
      <datafield tag="AVA" ind1=" " ind2=" ">
         <subfield code="a">NYU50</subfield>
         <subfield code="b">NISAW</subfield>
         <subfield code="c">Small Collection</subfield>
         <subfield code="d">DG272 .C3713 1956</subfield>
         <subfield code="e">available</subfield>
         <subfield code="t">Available</subfield>
         <subfield code="f">1</subfield>
         <subfield code="g">0</subfield>
         <subfield code="h">N</subfield>
         <subfield code="i">0</subfield>
         <subfield code="j">SMALL</subfield>
         <subfield code="k">0</subfield>
      </datafield>
      <marc:datafield tag="852" ind1=" " ind2=" ">
         <marc:subfield code="b">Institute for the Study of the Ancient World, </marc:subfield>
         <marc:subfield code="c">Small Collection</marc:subfield>
         <marc:subfield code="e">15 East 84th St., </marc:subfield>
         <marc:subfield code="e">New York, NY  10028</marc:subfield>
      </marc:datafield>
   </record>