
  
  
  
  
  
  
  
  
 
  
  <record xsi:schemaLocation="http://www.loc.gov/MARC21/slim http://www.loc.gov/standards/marcxml/schema/MARC21slim.xsd">
      <leader>00000cam a2200421 i 4500</leader>
      <controlfield tag="FMT">BK</controlfield>
      <controlfield tag="LDR">00000cam a2200421 i 4500</controlfield>
      <controlfield tag="001">003978996</controlfield>
      <controlfield tag="003">OCoLC</controlfield>
      <controlfield tag="005">20140514124223.0</controlfield>
      <controlfield tag="008">140109s2013    mauab    b    001 0 eng d</controlfield>
      <datafield tag="020" ind1=" " ind2=" ">
         <subfield code="a">0988692821</subfield>
      </datafield>
      <datafield tag="020" ind1=" " ind2=" ">
         <subfield code="a">9780988692824</subfield>
      </datafield>
      <datafield tag="035" ind1="7" ind2=" ">
         <subfield code="a">ybp10790565</subfield>
      </datafield>
      <datafield tag="035" ind1=" " ind2=" ">
         <subfield code="a">(OCoLC)867840252</subfield>
      </datafield>
      <datafield tag="040" ind1=" " ind2=" ">
         <subfield code="a">YDXCP</subfield>
         <subfield code="b">eng</subfield>
         <subfield code="e">rda</subfield>
         <subfield code="c">YDXCP</subfield>
         <subfield code="d">ORZ</subfield>
         <subfield code="d">BTCTA</subfield>
         <subfield code="d">UBC</subfield>
         <subfield code="d">NNU</subfield>
      </datafield>
      <datafield tag="043" ind1=" " ind2=" ">
         <subfield code="a">a-kr---</subfield>
      </datafield>
      <datafield tag="050" ind1=" " ind2="4">
         <subfield code="a">DS911.25</subfield>
         <subfield code="b">.H36 2013</subfield>
      </datafield>
      <datafield tag="050" ind1=" " ind2="4">
         <subfield code="a">DS911.2</subfield>
         <subfield code="b">.H36 2013</subfield>
      </datafield>
      <datafield tag="082" ind1="0" ind2="4">
         <subfield code="a">951.9/01</subfield>
         <subfield code="2">23</subfield>
      </datafield>
      <datafield tag="245" ind1="0" ind2="4">
         <subfield code="a">The Han commanderies in early Korean history /</subfield>
         <subfield code="c">edited by Mark E. Byington.</subfield>
      </datafield>
      <datafield tag="264" ind1=" " ind2="1">
         <subfield code="a">Cambridge, MA :</subfield>
         <subfield code="b">Korea Institute, Harvard University ;</subfield>
         <subfield code="a">[Honolulu, HI] :</subfield>
         <subfield code="b">Distributed by the University of Hawai'i Press,</subfield>
         <subfield code="c">2013.</subfield>
      </datafield>
      <datafield tag="264" ind1=" " ind2="4">
         <subfield code="a">©2013</subfield>
      </datafield>
      <datafield tag="300" ind1=" " ind2=" ">
         <subfield code="a">x, 360 pages :</subfield>
         <subfield code="b">illustrations (some color), maps (some color) ;</subfield>
         <subfield code="c">27 cm.</subfield>
      </datafield>
      <datafield tag="336" ind1=" " ind2=" ">
         <subfield code="a">text</subfield>
         <subfield code="2">rdacontent</subfield>
      </datafield>
      <datafield tag="337" ind1=" " ind2=" ">
         <subfield code="a">unmediated</subfield>
         <subfield code="2">rdamedia</subfield>
      </datafield>
      <datafield tag="338" ind1=" " ind2=" ">
         <subfield code="a">volume</subfield>
         <subfield code="2">rdacarrier</subfield>
      </datafield>
      <datafield tag="490" ind1="1" ind2=" ">
         <subfield code="a">Early Korea Project occasional series,</subfield>
         <subfield code="x">2159-0540</subfield>
      </datafield>
      <datafield tag="500" ind1=" " ind2=" ">
         <subfield code="a">"This volume is the result of a four-part workshop titled "Korea and the Han commanderies", organized by the Early Korea Project at the Korea Institute, Harvard University in 2008"--Page iii.</subfield>
      </datafield>
      <datafield tag="504" ind1=" " ind2=" ">
         <subfield code="a">Includes bibliographical references and index.</subfield>
      </datafield>
      <datafield tag="505" ind1="0" ind2="0">
         <subfield code="t">Introduction /</subfield>
         <subfield code="r">Mark E. Byington --</subfield>
         <subfield code="t">Scholarly studies on the Han commanderies in Korea /</subfield>
         <subfield code="r">Oh Youngchan, Mark E. Byington --</subfield>
         <subfield code="t">Old Chosŏn : its history and archaeology /</subfield>
         <subfield code="r">Song Ho Jung --</subfield>
         <subfield code="t">History of Lelang commandery /</subfield>
         <subfield code="r">Kwon O-jung --</subfield>
         <subfield code="t">Ruling class of Lelang commandery /</subfield>
         <subfield code="r">Oh Youngchan --</subfield>
         <subfield code="t">Material culture of Lelang commandery /</subfield>
         <subfield code="r">Jung In-seung --</subfield>
         <subfield code="t">Samhan, Ye, and Wa in the time of the Lelang and Daifang commanderies /</subfield>
         <subfield code="r">Lee Sungsi --</subfield>
         <subfield code="t">Fall of the Lelang and Daifang commanderies and its aftermath /</subfield>
         <subfield code="r">Yeo HoKyu --</subfield>
         <subfield code="t">Koguryŏ and the reorganization of Xuantu commandery /</subfield>
         <subfield code="r">Lee Seongje --</subfield>
         <subfield code="t">Leland commandery and Han China's commandery-based rule /</subfield>
         <subfield code="r">Kim Byung-joon --</subfield>
         <subfield code="t">Historical geography of the Han commanderies in Korea /</subfield>
         <subfield code="r">Mark E. Byington.</subfield>
      </datafield>
      <datafield tag="651" ind1=" " ind2="0">
         <subfield code="a">Korea</subfield>
         <subfield code="x">History</subfield>
         <subfield code="y">To 935.</subfield>
      </datafield>
      <datafield tag="651" ind1=" " ind2="0">
         <subfield code="a">Korea</subfield>
         <subfield code="x">Civilization</subfield>
         <subfield code="y">To 935.</subfield>
      </datafield>
      <datafield tag="651" ind1=" " ind2="0">
         <subfield code="a">Korea</subfield>
         <subfield code="x">Antiquities.</subfield>
      </datafield>
      <datafield tag="700" ind1="1" ind2=" ">
         <subfield code="a">Byington, Mark E.</subfield>
         <subfield code="e">contributor,</subfield>
         <subfield code="e">editor of compilation.</subfield>
      </datafield>
      <datafield tag="710" ind1="2" ind2=" ">
         <subfield code="a">Early Korea Project (Harvard University)</subfield>
      </datafield>
      <datafield tag="710" ind1="2" ind2=" ">
         <subfield code="a">Harvard University.</subfield>
         <subfield code="b">Korea Institute.</subfield>
      </datafield>
      <datafield tag="830" ind1=" " ind2="0">
         <subfield code="a">Early Korea Project occasional series.</subfield>
      </datafield>
      <datafield tag="OWN" ind1=" " ind2=" ">
         <subfield code="a">GENERAL</subfield>
      </datafield>
      <datafield tag="AVA" ind1=" " ind2=" ">
         <subfield code="a">NYU50</subfield>
         <subfield code="b">BOBST</subfield>
         <subfield code="c">Main Collection</subfield>
         <subfield code="d">DS911.2 .H36 2013</subfield>
         <subfield code="e">unavailable</subfield>
         <subfield code="t">Unavailable</subfield>
         <subfield code="f">1</subfield>
         <subfield code="g">1</subfield>
         <subfield code="h">N</subfield>
         <subfield code="i">0</subfield>
         <subfield code="j">MAIN</subfield>
         <subfield code="k">0</subfield>
      </datafield>
      <datafield tag="AVA" ind1=" " ind2=" ">
         <subfield code="a">NYU50</subfield>
         <subfield code="b">NISAW</subfield>
         <subfield code="c">Small Collection</subfield>
         <subfield code="d">DS911.25 .H36 2013</subfield>
         <subfield code="e">available</subfield>
         <subfield code="t">Available</subfield>
         <subfield code="f">1</subfield>
         <subfield code="g">0</subfield>
         <subfield code="h">N</subfield>
         <subfield code="i">0</subfield>
         <subfield code="j">SMALL</subfield>
         <subfield code="k">0</subfield>
      </datafield>
      <marc:datafield tag="852" ind1=" " ind2=" ">
         <marc:subfield code="b">Institute for the Study of the Ancient World, </marc:subfield>
         <marc:subfield code="c">Small Collection</marc:subfield>
         <marc:subfield code="e">15 East 84th St., </marc:subfield>
         <marc:subfield code="e">New York, NY  10028</marc:subfield>
      </marc:datafield>
   </record>