
  
  
  
  
  
  
 
  
  <record xsi:schemaLocation="http://www.loc.gov/MARC21/slim http://www.loc.gov/standards/marcxml/schema/MARC21slim.xsd">
      <leader>00000cam a2200409 a 4500</leader>
      <controlfield tag="FMT">BK</controlfield>
      <controlfield tag="LDR">00000cam a2200409 a 4500</controlfield>
      <controlfield tag="001">003913763</controlfield>
      <controlfield tag="003">OCoLC</controlfield>
      <controlfield tag="005">20140515143400.0</controlfield>
      <controlfield tag="008">130905s2012    be ab    b    000 0 eng d</controlfield>
      <datafield tag="020" ind1=" " ind2=" ">
         <subfield code="a">9789038219578</subfield>
      </datafield>
      <datafield tag="020" ind1=" " ind2=" ">
         <subfield code="a">9038219571</subfield>
      </datafield>
      <datafield tag="035" ind1=" " ind2=" ">
         <subfield code="a">(OCoLC)857812600</subfield>
      </datafield>
      <datafield tag="040" ind1=" " ind2=" ">
         <subfield code="a">ERASA</subfield>
         <subfield code="b">eng</subfield>
         <subfield code="c">ERASA</subfield>
         <subfield code="d">YDXCP</subfield>
         <subfield code="d">CHVBK</subfield>
         <subfield code="d">JPG</subfield>
         <subfield code="d">DEBSZ</subfield>
         <subfield code="d">NNU</subfield>
      </datafield>
      <datafield tag="043" ind1=" " ind2=" ">
         <subfield code="a">e-po---</subfield>
      </datafield>
      <datafield tag="050" ind1=" " ind2="4">
         <subfield code="a">DP802.A546</subfield>
         <subfield code="b">A46 2012</subfield>
      </datafield>
      <datafield tag="082" ind1="0" ind2="4">
         <subfield code="a">938</subfield>
      </datafield>
      <datafield tag="245" ind1="0" ind2="0">
         <subfield code="a">Ammaia I :</subfield>
         <subfield code="b">the survey : a Romano-Lusitanian townscape revealed /</subfield>
         <subfield code="c">Cristina Corsi &amp; Frank Vermeulen (eds.).</subfield>
      </datafield>
      <datafield tag="260" ind1=" " ind2=" ">
         <subfield code="a">Ghent :</subfield>
         <subfield code="b">Academia Press,</subfield>
         <subfield code="c">2012.</subfield>
      </datafield>
      <datafield tag="300" ind1=" " ind2=" ">
         <subfield code="a">v, 191 p. :</subfield>
         <subfield code="b">ill. (chiefly col.), maps (some col.), plans (some col.);</subfield>
         <subfield code="c">31 cm. +</subfield>
         <subfield code="e">1 folded col. map</subfield>
      </datafield>
      <datafield tag="490" ind1="1" ind2=" ">
         <subfield code="a">Archaeological reports Ghent University (ARGU) ;</subfield>
         <subfield code="v">8</subfield>
      </datafield>
      <datafield tag="504" ind1=" " ind2=" ">
         <subfield code="a">Bibliography: p. 177-187.</subfield>
      </datafield>
      <datafield tag="520" ind1="8" ind2=" ">
         <subfield code="a">This book presents the most important results of the European funded project RADIO-PAST or "Radiography of the Past. Integrated non-destructive approaches to understand and valorise complex archaeological sites". In order to develop non-invasive approaches to investigate, interpret, visualize and valorize complex archaeological sites, the researchers of the project have selected the site of Ammaia, a deserted Roman town in Portugal, as an "open laboratory" for intensive field research. Here innovative approaches ranging from field archaeology to geomorphology, from remote sensing to geophysical survey, from ICTs to Cultural Heritage management, have lead to an exemplary study of a lost Roman town. This research effort is part of a wider trend all over the ancient world to study abandoned Roman towns using a wide array of modern survey methods. When combined with more established approaches, such as stratigraphic excavations and the study of legacy data, these methods can produce a much more complete vision on urbanism under Roman dominance.</subfield>
      </datafield>
      <datafield tag="650" ind1=" " ind2="0">
         <subfield code="a">Extinct cities</subfield>
         <subfield code="z">Portugal.</subfield>
      </datafield>
      <datafield tag="650" ind1=" " ind2="0">
         <subfield code="a">Geological surveys</subfield>
         <subfield code="z">Portugal.</subfield>
      </datafield>
      <datafield tag="650" ind1=" " ind2="0">
         <subfield code="a">Romans</subfield>
         <subfield code="z">Portugal</subfield>
         <subfield code="x">History.</subfield>
      </datafield>
      <datafield tag="651" ind1=" " ind2="0">
         <subfield code="a">Ammaia (Marvão, Portugal : Extinct city)</subfield>
      </datafield>
      <datafield tag="651" ind1=" " ind2="0">
         <subfield code="a">Portugal</subfield>
         <subfield code="x">Antiquities, Roman.</subfield>
      </datafield>
      <datafield tag="700" ind1="1" ind2=" ">
         <subfield code="a">Corsi, Cristina</subfield>
         <subfield code="e">ed.</subfield>
      </datafield>
      <datafield tag="700" ind1="1" ind2=" ">
         <subfield code="a">Vermeulen, Frank</subfield>
         <subfield code="e">ed.</subfield>
      </datafield>
      <datafield tag="830" ind1=" " ind2="0">
         <subfield code="a">Archaeological reports Ghent University ;</subfield>
         <subfield code="v">v. 8.</subfield>
      </datafield>
      <datafield tag="856" ind1="4" ind2=" ">
         <subfield code="3">Inhaltsverzeichnis</subfield>
         <subfield code="u">http://swbplus.bsz-bw.de/bsz399783083inh.htm</subfield>
         <subfield code="v">20140130121709</subfield>
      </datafield>
      <datafield tag="994" ind1=" " ind2=" ">
         <subfield code="a">Z0</subfield>
         <subfield code="b">ZYU</subfield>
      </datafield>
      <datafield tag="OWN" ind1=" " ind2=" ">
         <subfield code="a">GENERAL</subfield>
      </datafield>
      <datafield tag="AVA" ind1=" " ind2=" ">
         <subfield code="a">NYU50</subfield>
         <subfield code="b">BOBST</subfield>
         <subfield code="c">Main Collection</subfield>
         <subfield code="d">DP802.A546 A46 2012 Oversize</subfield>
         <subfield code="e">available</subfield>
         <subfield code="t">Available</subfield>
         <subfield code="f">1</subfield>
         <subfield code="g">0</subfield>
         <subfield code="h">N</subfield>
         <subfield code="i">0</subfield>
         <subfield code="j">MAIN</subfield>
         <subfield code="k">0</subfield>
      </datafield>
      <datafield tag="AVA" ind1=" " ind2=" ">
         <subfield code="a">NYU50</subfield>
         <subfield code="b">NISAW</subfield>
         <subfield code="c">Oversize Collection</subfield>
         <subfield code="d">DP802.A546 A46 2012</subfield>
         <subfield code="e">available</subfield>
         <subfield code="t">Available</subfield>
         <subfield code="f">1</subfield>
         <subfield code="g">0</subfield>
         <subfield code="h">N</subfield>
         <subfield code="i">0</subfield>
         <subfield code="j">OVERZ</subfield>
         <subfield code="k">0</subfield>
      </datafield>
      <marc:datafield tag="852" ind1=" " ind2=" ">
         <marc:subfield code="b">Institute for the Study of the Ancient World, </marc:subfield>
         <marc:subfield code="c">Oversize Collection</marc:subfield>
         <marc:subfield code="e">15 East 84th St., </marc:subfield>
         <marc:subfield code="e">New York, NY  10028</marc:subfield>
      </marc:datafield>
   </record>