
  
  
  
  
  
  
 
  
  <record xsi:schemaLocation="http://www.loc.gov/MARC21/slim http://www.loc.gov/standards/marcxml/schema/MARC21slim.xsd">
      <leader>00000cam a2200253 a 45M</leader>
      <controlfield tag="FMT">BK</controlfield>
      <controlfield tag="LDR">00000cam a2200253 a 45M</controlfield>
      <controlfield tag="001">002795927</controlfield>
      <controlfield tag="003">NNU</controlfield>
      <controlfield tag="005">20140519110733.0</controlfield>
      <controlfield tag="008">860626s1923    enka          000 0 eng d</controlfield>
      <datafield tag="010" ind1=" " ind2=" ">
         <subfield code="a">25015999</subfield>
      </datafield>
      <datafield tag="035" ind1="9" ind2=" ">
         <subfield code="a">NYUb10501769</subfield>
      </datafield>
      <datafield tag="035" ind1=" " ind2=" ">
         <subfield code="a">(CStRLIN)NYUG86-B21920</subfield>
      </datafield>
      <datafield tag="035" ind1=" " ind2=" ">
         <subfield code="a">GLIS005017690</subfield>
      </datafield>
      <datafield tag="040" ind1=" " ind2=" ">
         <subfield code="a">IaU</subfield>
         <subfield code="c">IaU</subfield>
         <subfield code="d">NNU</subfield>
      </datafield>
      <datafield tag="043" ind1=" " ind2=" ">
         <subfield code="a">a-ar---</subfield>
         <subfield code="a">a-jo---</subfield>
         <subfield code="a">a-sy---</subfield>
      </datafield>
      <datafield tag="050" ind1=" " ind2="4">
         <subfield code="a">DS154.9.P48</subfield>
         <subfield code="b">.F67 1923</subfield>
      </datafield>
      <datafield tag="090" ind1=" " ind2=" ">
         <subfield code="i">10/29/86 CT</subfield>
      </datafield>
      <datafield tag="100" ind1="1" ind2=" ">
         <subfield code="a">Forder, A.</subfield>
         <subfield code="q">(Archibald)</subfield>
      </datafield>
      <datafield tag="245" ind1="1" ind2="0">
         <subfield code="a">Petra: Perea: Phoenicia /</subfield>
         <subfield code="c">by A. Forder.</subfield>
      </datafield>
      <datafield tag="260" ind1=" " ind2=" ">
         <subfield code="a">London ;</subfield>
         <subfield code="b">Edinburgh :</subfield>
         <subfield code="b">Marshall Brothers /</subfield>
         <subfield code="c">[1923]</subfield>
      </datafield>
      <datafield tag="300" ind1=" " ind2=" ">
         <subfield code="a">112 p. :</subfield>
         <subfield code="b">ill. ;</subfield>
         <subfield code="c">25 cm.</subfield>
      </datafield>
      <datafield tag="500" ind1=" " ind2=" ">
         <subfield code="a">ISAW copy is from the Library of Hayim and Miriam Tadmor.</subfield>
         <subfield code="5">NNU</subfield>
      </datafield>
      <datafield tag="651" ind1=" " ind2="0">
         <subfield code="a">Petra (Extinct city)</subfield>
      </datafield>
      <datafield tag="651" ind1=" " ind2="0">
         <subfield code="a">Jordan.</subfield>
      </datafield>
      <datafield tag="651" ind1=" " ind2="0">
         <subfield code="a">Phoenicia.</subfield>
      </datafield>
      <datafield tag="796" ind1="1" ind2=" ">
         <subfield code="a">Tadmor, Hayim,</subfield>
         <subfield code="e">former owner.</subfield>
      </datafield>
      <datafield tag="796" ind1="1" ind2=" ">
         <subfield code="a">Tadmor, Miriam,</subfield>
         <subfield code="e">former owner.</subfield>
      </datafield>
      <datafield tag="797" ind1="2" ind2=" ">
         <subfield code="a">Tadmor Collection.</subfield>
      </datafield>
      <datafield tag="OWN" ind1=" " ind2=" ">
         <subfield code="a">GENERAL</subfield>
      </datafield>
      <datafield tag="950" ind1=" " ind2=" ">
         <subfield code="l">BMAIN</subfield>
         <subfield code="a">DS110.7</subfield>
         <subfield code="b">.F6</subfield>
         <subfield code="i">10/29/86 C</subfield>
      </datafield>
      <datafield tag="955" ind1=" " ind2=" ">
         <subfield code="l">BMAIN</subfield>
         <subfield code="c">1</subfield>
         <subfield code="q">86-B21920-1</subfield>
         <subfield code="r">012640150</subfield>
         <subfield code="i">10/29/86 C</subfield>
      </datafield>
      <datafield tag="AVA" ind1=" " ind2=" ">
         <subfield code="a">NYU50</subfield>
         <subfield code="b">BOBST</subfield>
         <subfield code="c">Main Collection</subfield>
         <subfield code="d">DS110.7 .F6</subfield>
         <subfield code="e">unavailable</subfield>
         <subfield code="t">Unavailable</subfield>
         <subfield code="f">1</subfield>
         <subfield code="g">1</subfield>
         <subfield code="h">N</subfield>
         <subfield code="i">0</subfield>
         <subfield code="j">MAIN</subfield>
         <subfield code="k">0</subfield>
      </datafield>
      <datafield tag="AVA" ind1=" " ind2=" ">
         <subfield code="a">NYU50</subfield>
         <subfield code="b">NISAW</subfield>
         <subfield code="c">Small Collection</subfield>
         <subfield code="d">DS154.9.P48 F67 1923</subfield>
         <subfield code="e">available</subfield>
         <subfield code="t">Available</subfield>
         <subfield code="f">1</subfield>
         <subfield code="g">0</subfield>
         <subfield code="h">N</subfield>
         <subfield code="i">0</subfield>
         <subfield code="j">SMALL</subfield>
         <subfield code="k">0</subfield>
      </datafield>
      <marc:datafield tag="852" ind1=" " ind2=" ">
         <marc:subfield code="b">Institute for the Study of the Ancient World, </marc:subfield>
         <marc:subfield code="c">Small Collection</marc:subfield>
         <marc:subfield code="e">15 East 84th St., </marc:subfield>
         <marc:subfield code="e">New York, NY  10028</marc:subfield>
      </marc:datafield>
   </record>