
  
  
  
  
  
  
  
 
  
  <record xsi:schemaLocation="http://www.loc.gov/MARC21/slim http://www.loc.gov/standards/marcxml/schema/MARC21slim.xsd">
      <leader>00000cam a2200253 a 45M</leader>
      <controlfield tag="FMT">BK</controlfield>
      <controlfield tag="LDR">00000cam a2200253 a 45M</controlfield>
      <controlfield tag="001">002275777</controlfield>
      <controlfield tag="003">NNU</controlfield>
      <controlfield tag="005">20140519110821.0</controlfield>
      <controlfield tag="008">951010s1955    riu           000 0 eng d</controlfield>
      <datafield tag="035" ind1="9" ind2=" ">
         <subfield code="a">NYUb11365209</subfield>
      </datafield>
      <datafield tag="035" ind1=" " ind2=" ">
         <subfield code="a">RIBGR00771246-B</subfield>
         <subfield code="z">(OCoLC)771246</subfield>
      </datafield>
      <datafield tag="040" ind1=" " ind2=" ">
         <subfield code="a">NhD</subfield>
         <subfield code="c">NhD</subfield>
         <subfield code="d">m.c.</subfield>
         <subfield code="d">OCoLC</subfield>
         <subfield code="d">*m/c*</subfield>
         <subfield code="d">RPB</subfield>
         <subfield code="d">CStRLIN</subfield>
         <subfield code="d">NNU</subfield>
      </datafield>
      <datafield tag="100" ind1="1" ind2=" ">
         <subfield code="a">Pinches, Theophilus G.</subfield>
         <subfield code="q">(Theophilus Goldridge),</subfield>
         <subfield code="d">1856-1934.</subfield>
      </datafield>
      <datafield tag="245" ind1="1" ind2="0">
         <subfield code="a">Late Babylonian astronomical and related texts /</subfield>
         <subfield code="c">copied by T.G. Pinches and J.N. Strassmaier. Prepared for publication by A.J. Sachs with the co-operation of J. Schaumberger.</subfield>
      </datafield>
      <datafield tag="260" ind1=" " ind2=" ">
         <subfield code="a">Providence :</subfield>
         <subfield code="b">Brown University Press,</subfield>
         <subfield code="c">1955.</subfield>
      </datafield>
      <datafield tag="300" ind1=" " ind2=" ">
         <subfield code="a">lvi, 271 p. ;</subfield>
         <subfield code="b">22 x 29 cm.</subfield>
      </datafield>
      <datafield tag="490" ind1="1" ind2=" ">
         <subfield code="a">Brown University studies ;</subfield>
         <subfield code="v">v. 18</subfield>
      </datafield>
      <datafield tag="500" ind1=" " ind2=" ">
         <subfield code="a">Published by permission of the Trustees of the British Museum.</subfield>
      </datafield>
      <datafield tag="500" ind1=" " ind2=" ">
         <subfield code="a">"The original tablets...form a part of the Babylon archives in the British Museum. The copies about 1350 in number represent a substantial fraction of the scientific portion of these archives."</subfield>
      </datafield>
      <datafield tag="500" ind1=" " ind2=" ">
         <subfield code="a">"Descriptive catalogue": p. x-lvi.</subfield>
      </datafield>
      <datafield tag="500" ind1=" " ind2=" ">
         <subfield code="a">ISAW copy is from the Library of Hayim and Miriam Tadmor.</subfield>
         <subfield code="5">NNU</subfield>
      </datafield>
      <datafield tag="650" ind1=" " ind2="0">
         <subfield code="a">Astronomy, Assyro-Babylonian.</subfield>
      </datafield>
      <datafield tag="650" ind1=" " ind2="0">
         <subfield code="a">Cuneiform inscriptions.</subfield>
      </datafield>
      <datafield tag="700" ind1="1" ind2=" ">
         <subfield code="a">Strassmaier, J. N.</subfield>
         <subfield code="q">(Johann Nepomuk),</subfield>
         <subfield code="d">1846-1920.</subfield>
      </datafield>
      <datafield tag="700" ind1="1" ind2=" ">
         <subfield code="a">Sachs, Abraham.</subfield>
      </datafield>
      <datafield tag="710" ind1="2" ind2=" ">
         <subfield code="a">British Museum.</subfield>
         <subfield code="b">Dept. of Egyptian and Assyrian Antiquities.</subfield>
      </datafield>
      <datafield tag="796" ind1="1" ind2=" ">
         <subfield code="a">Tadmor, Hayim,</subfield>
         <subfield code="e">former owner.</subfield>
      </datafield>
      <datafield tag="796" ind1="1" ind2=" ">
         <subfield code="a">Tadmor, Miriam,</subfield>
         <subfield code="e">former owner.</subfield>
      </datafield>
      <datafield tag="797" ind1="2" ind2=" ">
         <subfield code="a">Tadmor Collection.</subfield>
      </datafield>
      <datafield tag="830" ind1=" " ind2="0">
         <subfield code="a">Brown University studies ;</subfield>
         <subfield code="v">v. 18.</subfield>
      </datafield>
      <datafield tag="OWN" ind1=" " ind2=" ">
         <subfield code="a">GENERAL</subfield>
      </datafield>
      <datafield tag="AVA" ind1=" " ind2=" ">
         <subfield code="a">NYU50</subfield>
         <subfield code="b">BOBST</subfield>
         <subfield code="c">Main Collection</subfield>
         <subfield code="d">QB19 .P5</subfield>
         <subfield code="e">unavailable</subfield>
         <subfield code="t">Unavailable</subfield>
         <subfield code="f">1</subfield>
         <subfield code="g">1</subfield>
         <subfield code="h">N</subfield>
         <subfield code="i">7</subfield>
         <subfield code="j">MAIN</subfield>
         <subfield code="k">0</subfield>
      </datafield>
      <datafield tag="AVA" ind1=" " ind2=" ">
         <subfield code="a">NYU50</subfield>
         <subfield code="b">NISAW</subfield>
         <subfield code="c">Large Collection</subfield>
         <subfield code="d">QB19 .P5 1955</subfield>
         <subfield code="e">available</subfield>
         <subfield code="t">Available</subfield>
         <subfield code="f">1</subfield>
         <subfield code="g">0</subfield>
         <subfield code="h">N</subfield>
         <subfield code="i">0</subfield>
         <subfield code="j">LARGE</subfield>
         <subfield code="k">0</subfield>
      </datafield>
      <marc:datafield tag="852" ind1=" " ind2=" ">
         <marc:subfield code="b">Institute for the Study of the Ancient World, </marc:subfield>
         <marc:subfield code="c">Large Collection</marc:subfield>
         <marc:subfield code="e">15 East 84th St., </marc:subfield>
         <marc:subfield code="e">New York, NY  10028</marc:subfield>
      </marc:datafield>
   </record>