
  
  
  
  
  
  
  
 
  
  <record xsi:schemaLocation="http://www.loc.gov/MARC21/slim http://www.loc.gov/standards/marcxml/schema/MARC21slim.xsd">
      <leader>00000cam a2200289 a 4500</leader>
      <controlfield tag="FMT">BK</controlfield>
      <controlfield tag="LDR">00000cam a2200289 a 4500</controlfield>
      <controlfield tag="001">002629322</controlfield>
      <controlfield tag="003">NNU</controlfield>
      <controlfield tag="005">20140519120332.0</controlfield>
      <controlfield tag="008">821124s1970    nyuabef  b    011 0 engs</controlfield>
      <datafield tag="010" ind1=" " ind2=" ">
         <subfield code="a">75103773</subfield>
      </datafield>
      <datafield tag="035" ind1=" " ind2=" ">
         <subfield code="a">GLIS003129915</subfield>
      </datafield>
      <datafield tag="035" ind1=" " ind2=" ">
         <subfield code="a">(CStRLIN)NYUG82-B30171</subfield>
      </datafield>
      <datafield tag="035" ind1=" " ind2=" ">
         <subfield code="a">(NNU)ARC3pIFAM1</subfield>
      </datafield>
      <datafield tag="035" ind1=" " ind2=" ">
         <subfield code="a">(NNU)ARC1bIFAM1</subfield>
      </datafield>
      <datafield tag="035" ind1="9" ind2=" ">
         <subfield code="a">NYUb10312991</subfield>
      </datafield>
      <datafield tag="040" ind1=" " ind2=" ">
         <subfield code="d">NNU</subfield>
      </datafield>
      <datafield tag="043" ind1=" " ind2=" ">
         <subfield code="a">aw-----</subfield>
      </datafield>
      <datafield tag="050" ind1=" " ind2="4">
         <subfield code="a">DS56</subfield>
         <subfield code="b">.N32 1970</subfield>
      </datafield>
      <datafield tag="090" ind1=" " ind2=" ">
         <subfield code="i">10/18/83 T</subfield>
         <subfield code="h">11/24/82 CT</subfield>
      </datafield>
      <datafield tag="245" ind1="0" ind2="0">
         <subfield code="a">Near Eastern archaeology in the twentieth century :</subfield>
         <subfield code="b">essays in honor of Nelson Glueck /</subfield>
         <subfield code="c">edited by James A. Sanders.</subfield>
      </datafield>
      <datafield tag="250" ind1=" " ind2=" ">
         <subfield code="a">[1st ed.]</subfield>
      </datafield>
      <datafield tag="260" ind1=" " ind2=" ">
         <subfield code="a">Garden City, N.Y. :</subfield>
         <subfield code="b">Doubleday,</subfield>
         <subfield code="c">1970.</subfield>
      </datafield>
      <datafield tag="300" ind1=" " ind2=" ">
         <subfield code="a">xxiv, 406 p., [32] p. of plates :</subfield>
         <subfield code="b">ill., maps, plans, port ;</subfield>
         <subfield code="c">25 cm.</subfield>
      </datafield>
      <datafield tag="504" ind1=" " ind2=" ">
         <subfield code="a">Includes bibliographical references and index.</subfield>
      </datafield>
      <datafield tag="504" ind1=" " ind2=" ">
         <subfield code="a">"Bibliography of Nelson Glueck" -- p. [382]-394.</subfield>
      </datafield>
      <datafield tag="505" ind1="0" ind2="0">
         <subfield code="t">Foreword: "This is for a celebration..." /</subfield>
         <subfield code="r">James A. Sanders --</subfield>
         <subfield code="t">Preface: the mind of Nelson Glueck /</subfield>
         <subfield code="r">Fritz Bamberger --</subfield>
         <subfield code="t">Phenomenon of American archaeology in the Near East /</subfield>
         <subfield code="r">G. Ernest Wright --</subfield>
         <subfield code="t">James Henry Breasted - the idea of an Oriental Institute /</subfield>
         <subfield code="r">John A. Wilson --</subfield>
         <subfield code="t">Phenomenon of Israeli archaeology /</subfield>
         <subfield code="r">W. F. Albright --</subfield>
         <subfield code="t">On right and wrong uses of archaeology /</subfield>
         <subfield code="r">Roland de Vaux --</subfield>
         <subfield code="t">Beginnings of urbanization in Canaan /</subfield>
         <subfield code="r">Ruth Amiran --</subfield>
         <subfield code="t">Palestine in the Early Bronze Age /</subfield>
         <subfield code="r">Paul W. Lapp --</subfield>
         <subfield code="t">"Middle Bronze I" period in Syria and Palestine /</subfield>
         <subfield code="r">William G. Dever --</subfield>
         <subfield code="t">Northern Canaan and the Mari texts /</subfield>
         <subfield code="r">Abraham Malamat --</subfield>
         <subfield code="t">Saltier of Atargatis reconsidered /</subfield>
         <subfield code="r">Marvin H. Pope --</subfield>
         <subfield code="t">Symbols of deities at Zinjirli, Carthage and Hazor /</subfield>
         <subfield code="r">Yigael Yadin --</subfield>
         <subfield code="t">Israelite Jerusalem /</subfield>
         <subfield code="r">Kathleen M. Kenyon --</subfield>
      </datafield>
      <datafield tag="505" ind1="0" ind2="0">
         <subfield code="t">New aspects of the Israelite occupation in the North /</subfield>
         <subfield code="r">Yohanan Aharondi --</subfield>
         <subfield code="t">Megiddo stables: a reassessment /</subfield>
         <subfield code="r">James B. Pritchard --</subfield>
         <subfield code="t">Scripts in Palestine and Transjordan in the Iron Age /</subfield>
         <subfield code="r">Joseph Naveh --</subfield>
         <subfield code="t">Ammonite and Moabite seals /</subfield>
         <subfield code="r">N. Avigad --</subfield>
         <subfield code="t">Cave inscriptions from Khirbet Beit Lei /</subfield>
         <subfield code="r">Frank Moore Cross --</subfield>
         <subfield code="t">New excavations at Sardis and some problems of Western Anatolian archaeology /</subfield>
         <subfield code="r">George M. A. Hanfmann ;</subfield>
         <subfield code="r">Jane C. Waldbaum --</subfield>
         <subfield code="t">Another deity with dolphins? /</subfield>
         <subfield code="r">R. D. Barnett --</subfield>
         <subfield code="t">Archaoleogy and Babylonian Jewry /</subfield>
         <subfield code="r">Jacob Neusner ;</subfield>
         <subfield code="r">Jonathan Z. Smith --</subfield>
         <subfield code="t">Sequence of pottery from Petra /</subfield>
         <subfield code="r">Peter J. Parr --</subfield>
         <subfield code="t">Bibliography of Nelson Glueck /</subfield>
         <subfield code="r">Eleanor K. Vogel.</subfield>
      </datafield>
      <datafield tag="500" ind1=" " ind2=" ">
         <subfield code="a">ISAW copy is from the Library of Hayim and Miriam Tadmor.</subfield>
         <subfield code="5">NNU</subfield>
      </datafield>
      <datafield tag="600" ind1="1" ind2="0">
         <subfield code="a">Glueck, Nelson,</subfield>
         <subfield code="d">1900-1972.</subfield>
      </datafield>
      <datafield tag="655" ind1=" " ind2="0">
         <subfield code="a">Festschriften.</subfield>
      </datafield>
      <datafield tag="651" ind1=" " ind2="0">
         <subfield code="a">Middle East</subfield>
         <subfield code="x">Antiquities.</subfield>
      </datafield>
      <datafield tag="700" ind1="1" ind2=" ">
         <subfield code="a">Sanders, James A.,</subfield>
         <subfield code="d">1927-</subfield>
         <subfield code="e">ed.</subfield>
      </datafield>
      <datafield tag="796" ind1="1" ind2=" ">
         <subfield code="a">Tadmor, Hayim,</subfield>
         <subfield code="e">former owner.</subfield>
      </datafield>
      <datafield tag="796" ind1="1" ind2=" ">
         <subfield code="a">Tadmor, Miriam,</subfield>
         <subfield code="e">former owner.</subfield>
      </datafield>
      <datafield tag="797" ind1="2" ind2=" ">
         <subfield code="a">Tadmor Collection.</subfield>
      </datafield>
      <datafield tag="OWN" ind1=" " ind2=" ">
         <subfield code="a">GENERAL</subfield>
      </datafield>
      <datafield tag="AVA" ind1=" " ind2=" ">
         <subfield code="a">NYU50</subfield>
         <subfield code="b">BOBST</subfield>
         <subfield code="c">Main Collection</subfield>
         <subfield code="d">DS56 .N32</subfield>
         <subfield code="e">unavailable</subfield>
         <subfield code="t">Unavailable</subfield>
         <subfield code="f">1</subfield>
         <subfield code="g">1</subfield>
         <subfield code="h">N</subfield>
         <subfield code="i">0</subfield>
         <subfield code="j">MAIN</subfield>
      </datafield>
      <datafield tag="AVA" ind1=" " ind2=" ">
         <subfield code="a">NYU50</subfield>
         <subfield code="b">NIFA</subfield>
         <subfield code="c">Main Collection</subfield>
         <subfield code="d">DS56 .N32 Non-circulating</subfield>
         <subfield code="e">available</subfield>
         <subfield code="t">Available</subfield>
         <subfield code="f">1</subfield>
         <subfield code="g">0</subfield>
         <subfield code="h">N</subfield>
         <subfield code="i">0</subfield>
         <subfield code="j">MAIN</subfield>
         <subfield code="k">0</subfield>
      </datafield>
      <datafield tag="AVA" ind1=" " ind2=" ">
         <subfield code="a">NYU50</subfield>
         <subfield code="b">NISAW</subfield>
         <subfield code="c">Small Collection</subfield>
         <subfield code="d">DS56 .N32 1970</subfield>
         <subfield code="e">available</subfield>
         <subfield code="t">Available</subfield>
         <subfield code="f">1</subfield>
         <subfield code="g">0</subfield>
         <subfield code="h">N</subfield>
         <subfield code="i">0</subfield>
         <subfield code="j">SMALL</subfield>
         <subfield code="k">0</subfield>
      </datafield>
      <marc:datafield tag="852" ind1=" " ind2=" ">
         <marc:subfield code="b">Institute for the Study of the Ancient World, </marc:subfield>
         <marc:subfield code="c">Small Collection</marc:subfield>
         <marc:subfield code="e">15 East 84th St., </marc:subfield>
         <marc:subfield code="e">New York, NY  10028</marc:subfield>
      </marc:datafield>
      <datafield tag="AVA" ind1=" " ind2=" ">
         <subfield code="a">NYU50</subfield>
         <subfield code="b">TNSFO</subfield>
         <subfield code="c">Main Collection</subfield>
         <subfield code="d">DS56 .N32</subfield>
         <subfield code="e">unavailable</subfield>
         <subfield code="t">Unavailable</subfield>
         <subfield code="f">1</subfield>
         <subfield code="g">1</subfield>
         <subfield code="h">N</subfield>
         <subfield code="i">0</subfield>
         <subfield code="j">MAIN</subfield>
         <subfield code="k">0</subfield>
      </datafield>
   </record>