
  
  
  
  
  
  
 
  
  <record xsi:schemaLocation="http://www.loc.gov/MARC21/slim http://www.loc.gov/standards/marcxml/schema/MARC21slim.xsd">
      <leader>00000nam a22      i 4500</leader>
      <controlfield tag="FMT">BK</controlfield>
      <controlfield tag="LDR">00000nam a22      i 4500</controlfield>
      <controlfield tag="001">003990683</controlfield>
      <controlfield tag="005">20140520115630.0</controlfield>
      <controlfield tag="008">140520t20132013gw       b    000 0 ger d</controlfield>
      <datafield tag="020" ind1=" " ind2=" ">
         <subfield code="a">9783805346818</subfield>
      </datafield>
      <datafield tag="040" ind1=" " ind2=" ">
         <subfield code="a">NNU</subfield>
         <subfield code="b">eng</subfield>
         <subfield code="c">NNU</subfield>
         <subfield code="e">rda</subfield>
      </datafield>
      <datafield tag="043" ind1=" " ind2=" ">
         <subfield code="a">aw-----</subfield>
      </datafield>
      <datafield tag="050" ind1=" " ind2="4">
         <subfield code="a">PJ3601</subfield>
         <subfield code="b">.A47 2013</subfield>
      </datafield>
      <datafield tag="245" ind1="0" ind2="0">
         <subfield code="a">Als die Götter Mensch waren :</subfield>
         <subfield code="b">eine Anthologie altorientalischer Literatur /</subfield>
         <subfield code="c">Sabina Franke (Hrsg.).</subfield>
      </datafield>
      <datafield tag="264" ind1=" " ind2="1">
         <subfield code="a">Darmstadt :</subfield>
         <subfield code="b">P. von Zabern,</subfield>
         <subfield code="c">[2013]</subfield>
      </datafield>
      <datafield tag="264" ind1=" " ind2="4">
         <subfield code="c">©2013</subfield>
      </datafield>
      <datafield tag="300" ind1=" " ind2=" ">
         <subfield code="a">127 pages ;</subfield>
         <subfield code="c">22 cm.</subfield>
      </datafield>
      <datafield tag="336" ind1=" " ind2=" ">
         <subfield code="a">text</subfield>
         <subfield code="2">rdacontent</subfield>
      </datafield>
      <datafield tag="337" ind1=" " ind2=" ">
         <subfield code="a">unmediated</subfield>
         <subfield code="2">rdamedia</subfield>
      </datafield>
      <datafield tag="338" ind1=" " ind2=" ">
         <subfield code="a">volume</subfield>
         <subfield code="2">rdacarrier</subfield>
      </datafield>
      <datafield tag="504" ind1=" " ind2=" ">
         <subfield code="a">Includes bibliographical references (pages 115-122).</subfield>
      </datafield>
      <datafield tag="505" ind1="0" ind2="0">
         <subfield code="t">Als die Götter Mensch waren : die altorientalische Sintfluterzälung /</subfield>
         <subfield code="r">Rosel Pientka-Hinz --</subfield>
         <subfield code="t">Zahnwurm /</subfield>
         <subfield code="r">Sabina Franke --</subfield>
         <subfield code="t">Bittbrief an einen Gott /</subfield>
         <subfield code="r">Sabina Franke --</subfield>
         <subfield code="t">Wiegenlied /</subfield>
         <subfield code="r">Sabina Franke --</subfield>
         <subfield code="t">Herr und sein Diener /</subfield>
         <subfield code="r">Karin Stella Schmidt --</subfield>
         <subfield code="t">Rache des armen Mannes aus Nippur /</subfield>
         <subfield code="r">Sabina Franke --</subfield>
         <subfield code="t">Märchen von Etana /</subfield>
         <subfield code="r">Karin Stella Schmidt --</subfield>
         <subfield code="t">Einladung an die Toten zum Festmahl : Ischtars Abstieg in die Welt der Toten und Dumuzis Rückkehr in die Welt der Lebenden /</subfield>
         <subfield code="r">Annette Zgoll --</subfield>
         <subfield code="t">Ischtarhymne des Ammiditana /</subfield>
         <subfield code="r">Michael P. Streck --</subfield>
         <subfield code="t">Enheduana singt gegen die drohende Vernichtung : ein sumerisches Lied für ein gefährliches Ritual, von der frühesten Autorin der Weltliteratur /</subfield>
         <subfield code="r">Annette Zgoll --</subfield>
         <subfield code="t">König Utuhengal vertreibt die Gutäer /</subfield>
         <subfield code="r">Walther Sallaberger --</subfield>
         <subfield code="t">Gilgamesch und Akka /</subfield>
         <subfield code="r">Hans Neumann --</subfield>
         <subfield code="t">Geburt und Aufstieg des Königs Sargon /</subfield>
         <subfield code="r">Sabina Franke --</subfield>
         <subfield code="t">Dialog über die Gleichgültigkeit der Götter : die babylonische Theodizee /</subfield>
         <subfield code="r">Hannelore Agnethler, Marc Elsässer --</subfield>
         <subfield code="t">Aus dem Leben eines Schülers /</subfield>
         <subfield code="r">Karin Stella Schmidt.</subfield>
      </datafield>
      <datafield tag="650" ind1=" " ind2="0">
         <subfield code="a">Assyro-Babylonian literature.</subfield>
      </datafield>
      <datafield tag="650" ind1=" " ind2="0">
         <subfield code="a">Sumerian literature.</subfield>
      </datafield>
      <datafield tag="650" ind1=" " ind2="0">
         <subfield code="a">Mythology, Assyro-Babylonian.</subfield>
      </datafield>
      <datafield tag="650" ind1=" " ind2="0">
         <subfield code="a">Mythology, Sumerian.</subfield>
      </datafield>
      <datafield tag="700" ind1="1" ind2=" ">
         <subfield code="a">Franke, Sabina</subfield>
         <subfield code="e">contributor,</subfield>
         <subfield code="e">editor of compilation.</subfield>
      </datafield>
      <datafield tag="OWN" ind1=" " ind2=" ">
         <subfield code="a">GENERAL</subfield>
      </datafield>
      <datafield tag="AVA" ind1=" " ind2=" ">
         <subfield code="a">NYU50</subfield>
         <subfield code="b">NISAW</subfield>
         <subfield code="c">Small Collection</subfield>
         <subfield code="d">PJ3601 .A47 2013</subfield>
         <subfield code="e">available</subfield>
         <subfield code="t">Available</subfield>
         <subfield code="f">1</subfield>
         <subfield code="g">0</subfield>
         <subfield code="h">N</subfield>
         <subfield code="i">0</subfield>
         <subfield code="j">SMALL</subfield>
         <subfield code="k">0</subfield>
      </datafield>
      <marc:datafield tag="852" ind1=" " ind2=" ">
         <marc:subfield code="b">Institute for the Study of the Ancient World, </marc:subfield>
         <marc:subfield code="c">Small Collection</marc:subfield>
         <marc:subfield code="e">15 East 84th St., </marc:subfield>
         <marc:subfield code="e">New York, NY  10028</marc:subfield>
      </marc:datafield>
   </record>