
  
  
  
  
  
  
 
  
  <record xsi:schemaLocation="http://www.loc.gov/MARC21/slim http://www.loc.gov/standards/marcxml/schema/MARC21slim.xsd">
      <leader>00000cam a2200457 a 4500</leader>
      <controlfield tag="FMT">BK</controlfield>
      <controlfield tag="LDR">00000cam a2200457 a 4500</controlfield>
      <controlfield tag="001">003992176</controlfield>
      <controlfield tag="003">OCoLC</controlfield>
      <controlfield tag="005">20140523111403.0</controlfield>
      <controlfield tag="008">140523s1950    nyua     b    001 0 eng d</controlfield>
      <datafield tag="035" ind1=" " ind2=" ">
         <subfield code="a">(OCoLC)2113241</subfield>
      </datafield>
      <datafield tag="040" ind1=" " ind2=" ">
         <subfield code="a">JHE</subfield>
         <subfield code="b">eng</subfield>
         <subfield code="c">JHE</subfield>
         <subfield code="d">OCL</subfield>
         <subfield code="d">BUF</subfield>
         <subfield code="d">VFY</subfield>
         <subfield code="d">OCLCG</subfield>
         <subfield code="d">PRP</subfield>
         <subfield code="d">OCLCQ</subfield>
         <subfield code="d">OCLCF</subfield>
         <subfield code="d">NNU</subfield>
      </datafield>
      <datafield tag="050" ind1=" " ind2="4">
         <subfield code="a">BL80</subfield>
         <subfield code="b">.F38 1950b</subfield>
      </datafield>
      <datafield tag="082" ind1="0" ind2="4">
         <subfield code="a">200.9</subfield>
         <subfield code="b">An2</subfield>
      </datafield>
      <datafield tag="100" ind1="1" ind2=" ">
         <subfield code="a">Ferm, Vergilius Ture Anselm,</subfield>
         <subfield code="d">1896-1974</subfield>
         <subfield code="e">ed.</subfield>
      </datafield>
      <datafield tag="245" ind1="1" ind2="0">
         <subfield code="a">Ancient religions /</subfield>
         <subfield code="c">edited by Vergilius Ferm.</subfield>
      </datafield>
      <datafield tag="260" ind1=" " ind2=" ">
         <subfield code="a">New York :</subfield>
         <subfield code="b">Philosophical Library,</subfield>
         <subfield code="c">c1950.</subfield>
      </datafield>
      <datafield tag="300" ind1=" " ind2=" ">
         <subfield code="a">xv, 392 p. :</subfield>
         <subfield code="b">ill. ;</subfield>
         <subfield code="c">23 cm.</subfield>
      </datafield>
      <datafield tag="500" ind1=" " ind2=" ">
         <subfield code="a">"Originally published as Forgotten religions (including some living primitive religions)."</subfield>
      </datafield>
      <datafield tag="500" ind1=" " ind2=" ">
         <subfield code="a">ISAW copy is from the Library of Hayim and Miriam Tadmor.</subfield>
         <subfield code="5">NNU</subfield>
      </datafield>
      <datafield tag="504" ind1=" " ind2=" ">
         <subfield code="a">Includes bibliographical references and index.</subfield>
      </datafield>
      <datafield tag="505" ind1="0" ind2="0">
         <subfield code="g">ch. 1.</subfield>
         <subfield code="t">Editor's preface /</subfield>
         <subfield code="r">Vergilius Ferm --</subfield>
         <subfield code="g">ch. 2.</subfield>
         <subfield code="t">Dawn of religions /</subfield>
         <subfield code="r">Phyllis Ackerman --</subfield>
         <subfield code="g">ch. 3.</subfield>
         <subfield code="t">Religion of ancient Egypt /</subfield>
         <subfield code="r">Samuel Alfred Browne Mercer --</subfield>
         <subfield code="g">ch. 4.</subfield>
         <subfield code="t">Sumerian religion /</subfield>
         <subfield code="r">Samuel Noah Kramer --</subfield>
         <subfield code="g">ch. 5.</subfield>
         <subfield code="t">Assyro-Babylonian religion /</subfield>
         <subfield code="r">A. Leo Oppenheim --</subfield>
         <subfield code="g">ch. 6.</subfield>
         <subfield code="t">Hittite religion /</subfield>
         <subfield code="r">Hans Gustav Güterbock --</subfield>
         <subfield code="g">ch. 7.</subfield>
         <subfield code="t">Religion of the Canaanites /</subfield>
         <subfield code="r">Theodor H. Gaster --</subfield>
         <subfield code="g">ch. 8.</subfield>
         <subfield code="t">Religion in prehistoric Greece /</subfield>
         <subfield code="r">George Emmanuel Mylonas --</subfield>
         <subfield code="g">ch. 9.</subfield>
         <subfield code="t">Mystery religions of Greece /</subfield>
         <subfield code="r">George Emmanuel Mylonas --</subfield>
         <subfield code="g">ch. 10.</subfield>
         <subfield code="t">Inhabited world /</subfield>
         <subfield code="r">Charles Alexander Robinson, Jr. --</subfield>
         <subfield code="g">ch. 11.</subfield>
         <subfield code="t">Mithraism /</subfield>
         <subfield code="r">Irach J.S. Taraporewala --</subfield>
         <subfield code="g">ch. 12.</subfield>
         <subfield code="t">Manichaeism /</subfield>
         <subfield code="r">Irach J.S. Taraporewala --</subfield>
         <subfield code="g">ch. 13.</subfield>
         <subfield code="t">Mazdakism /</subfield>
         <subfield code="r">Irach J.S. Taraporewala --</subfield>
         <subfield code="g">ch. 14.</subfield>
         <subfield code="t">Old Norse religion /</subfield>
         <subfield code="r">Murray Fowler --</subfield>
         <subfield code="g">ch. 15.</subfield>
         <subfield code="t">Tibetan religion /</subfield>
         <subfield code="r">Li An-che --</subfield>
         <subfield code="g">ch. 16.</subfield>
         <subfield code="t">Religion of the Australian aborigines /</subfield>
         <subfield code="r">A.P. Elkin --</subfield>
         <subfield code="g">ch. 17.</subfield>
         <subfield code="t">South American Indian religions /</subfield>
         <subfield code="r">Julian H. Steward --</subfield>
         <subfield code="g">ch. 18.</subfield>
         <subfield code="t">Shamanism /</subfield>
         <subfield code="r">Mircea Eliade --</subfield>
         <subfield code="g">ch. 19.</subfield>
         <subfield code="t">Religion of the Eskimos /</subfield>
         <subfield code="r">Margaret Lantis --</subfield>
         <subfield code="g">ch. 20.</subfield>
         <subfield code="t">Religion of the Navaho Indians /</subfield>
         <subfield code="r">Leland Clifton Wyman --</subfield>
         <subfield code="g">ch. 21.</subfield>
         <subfield code="t">Religion of the Hopi Indians /</subfield>
         <subfield code="r">Mischa Titiev.</subfield>
      </datafield>
      <datafield tag="530" ind1=" " ind2=" ">
         <subfield code="a">Also issued online.</subfield>
      </datafield>
      <datafield tag="650" ind1=" " ind2="0">
         <subfield code="a">Religions.</subfield>
      </datafield>
      <datafield tag="650" ind1=" " ind2="7">
         <subfield code="a">Religions.</subfield>
         <subfield code="2">fast</subfield>
         <subfield code="0">(OCoLC)fst01093898</subfield>
      </datafield>
      <datafield tag="740" ind1="0" ind2="2">
         <subfield code="a">Forgotten religions.</subfield>
      </datafield>
      <datafield tag="796" ind1="1" ind2=" ">
         <subfield code="a">Tadmor, Hayim,</subfield>
         <subfield code="e">former owner.</subfield>
      </datafield>
      <datafield tag="796" ind1="1" ind2=" ">
         <subfield code="a">Tadmor, Miriam,</subfield>
         <subfield code="e">former owner.</subfield>
      </datafield>
      <datafield tag="797" ind1="2" ind2=" ">
         <subfield code="a">Tadmor Collection.</subfield>
      </datafield>
      <datafield tag="994" ind1=" " ind2=" ">
         <subfield code="a">Z0</subfield>
         <subfield code="b">ZYU</subfield>
      </datafield>
      <datafield tag="OWN" ind1=" " ind2=" ">
         <subfield code="a">GENERAL</subfield>
      </datafield>
      <datafield tag="936" ind1=" " ind2=" ">
         <subfield code="a">PR 213795158</subfield>
      </datafield>
      <datafield tag="AVA" ind1=" " ind2=" ">
         <subfield code="a">NYU50</subfield>
         <subfield code="b">NISAW</subfield>
         <subfield code="c">Small Collection</subfield>
         <subfield code="d">BL80 .F38 1950b</subfield>
         <subfield code="e">available</subfield>
         <subfield code="t">Available</subfield>
         <subfield code="f">1</subfield>
         <subfield code="g">0</subfield>
         <subfield code="h">N</subfield>
         <subfield code="i">0</subfield>
         <subfield code="j">SMALL</subfield>
         <subfield code="k">0</subfield>
      </datafield>
      <marc:datafield tag="852" ind1=" " ind2=" ">
         <marc:subfield code="b">Institute for the Study of the Ancient World, </marc:subfield>
         <marc:subfield code="c">Small Collection</marc:subfield>
         <marc:subfield code="e">15 East 84th St., </marc:subfield>
         <marc:subfield code="e">New York, NY  10028</marc:subfield>
      </marc:datafield>
   </record>