
  
  
  
  
  
  
  
 
  
  <record xsi:schemaLocation="http://www.loc.gov/MARC21/slim http://www.loc.gov/standards/marcxml/schema/MARC21slim.xsd">
      <leader>00000cam a2200709 a 4500</leader>
      <controlfield tag="FMT">BK</controlfield>
      <controlfield tag="LDR">00000cam a2200709 a 4500</controlfield>
      <controlfield tag="001">003993215</controlfield>
      <controlfield tag="003">OCoLC</controlfield>
      <controlfield tag="005">20140527100632.0</controlfield>
      <controlfield tag="008">140527s1982    onch     bc   001 0 eng</controlfield>
      <datafield tag="010" ind1=" " ind2=" ">
         <subfield code="a">82202576</subfield>
      </datafield>
      <datafield tag="020" ind1=" " ind2=" ">
         <subfield code="a">0888542828 (pbk.)</subfield>
      </datafield>
      <datafield tag="020" ind1=" " ind2=" ">
         <subfield code="a">9780888542823 (pbk.)</subfield>
      </datafield>
      <datafield tag="035" ind1=" " ind2=" ">
         <subfield code="a">(OCoLC)9576205</subfield>
         <subfield code="z">(OCoLC)8541507</subfield>
      </datafield>
      <datafield tag="040" ind1=" " ind2=" ">
         <subfield code="a">DLC</subfield>
         <subfield code="b">eng</subfield>
         <subfield code="c">DLC</subfield>
         <subfield code="d">MUQ</subfield>
         <subfield code="d">NLGGC</subfield>
         <subfield code="d">OCLCG</subfield>
         <subfield code="d">GEBAY</subfield>
         <subfield code="d">GBVCP</subfield>
         <subfield code="d">OCLCO</subfield>
         <subfield code="d">OCLCF</subfield>
         <subfield code="d">NNU</subfield>
      </datafield>
      <datafield tag="041" ind1="1" ind2=" ">
         <subfield code="a">eng</subfield>
         <subfield code="a">akk</subfield>
         <subfield code="h">akk</subfield>
      </datafield>
      <datafield tag="043" ind1=" " ind2=" ">
         <subfield code="a">n-cn---</subfield>
      </datafield>
      <datafield tag="050" ind1="0" ind2="0">
         <subfield code="a">PJ3711</subfield>
         <subfield code="b">.R69 1982</subfield>
      </datafield>
      <datafield tag="082" ind1="0" ind2="4">
         <subfield code="a">016.492/1</subfield>
         <subfield code="2">19</subfield>
      </datafield>
      <datafield tag="084" ind1=" " ind2=" ">
         <subfield code="a">18.70</subfield>
         <subfield code="2">bcl</subfield>
      </datafield>
      <datafield tag="084" ind1=" " ind2=" ">
         <subfield code="a">EM 2150</subfield>
         <subfield code="2">rvk</subfield>
      </datafield>
      <datafield tag="110" ind1="2" ind2=" ">
         <subfield code="a">Royal Ontario Museum.</subfield>
      </datafield>
      <datafield tag="245" ind1="1" ind2="4">
         <subfield code="a">The Late Babylonian tablets in the Royal Ontario Museum /</subfield>
         <subfield code="c">G.J.P. McEwan.</subfield>
      </datafield>
      <datafield tag="260" ind1=" " ind2=" ">
         <subfield code="a">Toronto :</subfield>
         <subfield code="b">Royal Ontario Museum,</subfield>
         <subfield code="c">c1982.</subfield>
      </datafield>
      <datafield tag="300" ind1=" " ind2=" ">
         <subfield code="a">xviii, 110 p. :</subfield>
         <subfield code="b">facsims. ;</subfield>
         <subfield code="c">26 cm.</subfield>
      </datafield>
      <datafield tag="490" ind1="1" ind2=" ">
         <subfield code="a">Royal Ontario Museum cuneiform texts ;</subfield>
         <subfield code="v">v. 2</subfield>
      </datafield>
      <datafield tag="546" ind1=" " ind2=" ">
         <subfield code="a">Transliterated Akkadian texts with English translations.</subfield>
      </datafield>
      <datafield tag="504" ind1=" " ind2=" ">
         <subfield code="a">Includes bibliographical references and indexes.</subfield>
      </datafield>
      <datafield tag="500" ind1=" " ind2=" ">
         <subfield code="a">ISAW copy is from the Library of Hayim and Miriam Tadmor.</subfield>
         <subfield code="5">NNU</subfield>
      </datafield>
      <datafield tag="650" ind1=" " ind2="0">
         <subfield code="a">Akkadian language</subfield>
         <subfield code="x">Texts</subfield>
         <subfield code="v">Catalogs.</subfield>
      </datafield>
      <datafield tag="650" ind1=" " ind2="0">
         <subfield code="a">Cuneiform inscriptions, Akkadian</subfield>
         <subfield code="v">Catalogs.</subfield>
      </datafield>
      <datafield tag="610" ind1="2" ind2="0">
         <subfield code="a">Royal Ontario Museum</subfield>
         <subfield code="v">Catalogs.</subfield>
      </datafield>
      <datafield tag="610" ind1="2" ind2="7">
         <subfield code="a">Royal Ontario Museum.</subfield>
         <subfield code="2">fast</subfield>
         <subfield code="0">(OCoLC)fst00543999</subfield>
      </datafield>
      <datafield tag="650" ind1=" " ind2="7">
         <subfield code="a">Akkadian language</subfield>
         <subfield code="x">Texts.</subfield>
         <subfield code="2">fast</subfield>
         <subfield code="0">(OCoLC)fst00803992</subfield>
      </datafield>
      <datafield tag="648" ind1=" " ind2="7">
         <subfield code="a">Geschichte 600 v. Chr.-75</subfield>
         <subfield code="2">swd</subfield>
      </datafield>
      <datafield tag="655" ind1=" " ind2="7">
         <subfield code="a">Catalogs.</subfield>
         <subfield code="2">fast</subfield>
         <subfield code="0">(OCoLC)fst01423692</subfield>
      </datafield>
      <datafield tag="700" ind1="1" ind2=" ">
         <subfield code="a">McEwan, Gilbert J. P.</subfield>
         <subfield code="q">(Gilbert Joseph Paul),</subfield>
         <subfield code="d">1945-</subfield>
      </datafield>
      <datafield tag="796" ind1="1" ind2=" ">
         <subfield code="a">Tadmor, Hayim,</subfield>
         <subfield code="e">former owner.</subfield>
      </datafield>
      <datafield tag="796" ind1="1" ind2=" ">
         <subfield code="a">Tadmor, Miriam,</subfield>
         <subfield code="e">former owner.</subfield>
      </datafield>
      <datafield tag="797" ind1="2" ind2=" ">
         <subfield code="a">Tadmor Collection.</subfield>
      </datafield>
      <datafield tag="830" ind1=" " ind2="0">
         <subfield code="a">Royal Ontario Museum cuneiform texts ;</subfield>
         <subfield code="v">v. 2.</subfield>
      </datafield>
      <datafield tag="994" ind1=" " ind2=" ">
         <subfield code="a">Z0</subfield>
         <subfield code="b">ZYU</subfield>
      </datafield>
      <datafield tag="OWN" ind1=" " ind2=" ">
         <subfield code="a">GENERAL</subfield>
      </datafield>
      <datafield tag="936" ind1=" " ind2=" ">
         <subfield code="a">PR 251845100</subfield>
      </datafield>
      <datafield tag="AVA" ind1=" " ind2=" ">
         <subfield code="a">NYU50</subfield>
         <subfield code="b">NISAW</subfield>
         <subfield code="c">Small Collection</subfield>
         <subfield code="d">PJ3711 .R69 1982</subfield>
         <subfield code="e">available</subfield>
         <subfield code="t">Available</subfield>
         <subfield code="f">1</subfield>
         <subfield code="g">0</subfield>
         <subfield code="h">N</subfield>
         <subfield code="i">0</subfield>
         <subfield code="j">SMALL</subfield>
         <subfield code="k">0</subfield>
      </datafield>
      <marc:datafield tag="852" ind1=" " ind2=" ">
         <marc:subfield code="b">Institute for the Study of the Ancient World, </marc:subfield>
         <marc:subfield code="c">Small Collection</marc:subfield>
         <marc:subfield code="e">15 East 84th St., </marc:subfield>
         <marc:subfield code="e">New York, NY  10028</marc:subfield>
      </marc:datafield>
   </record>