
  
  
  
  
  
  
  
  
 
  
  <record xsi:schemaLocation="http://www.loc.gov/MARC21/slim http://www.loc.gov/standards/marcxml/schema/MARC21slim.xsd">
      <leader>00000cam a2200325 a 45M</leader>
      <controlfield tag="FMT">BK</controlfield>
      <controlfield tag="LDR">00000cam a2200325 a 45M</controlfield>
      <controlfield tag="001">002640296</controlfield>
      <controlfield tag="003">NNU</controlfield>
      <controlfield tag="005">20140529152722.0</controlfield>
      <controlfield tag="008">830119s1982    enka     b    010 0 eng d</controlfield>
      <datafield tag="020" ind1=" " ind2=" ">
         <subfield code="a">0856682055</subfield>
      </datafield>
      <datafield tag="035" ind1="9" ind2=" ">
         <subfield code="a">NYUb10325774</subfield>
      </datafield>
      <datafield tag="035" ind1=" " ind2=" ">
         <subfield code="a">GLIS003257740</subfield>
      </datafield>
      <datafield tag="035" ind1=" " ind2=" ">
         <subfield code="a">(CStRLIN)NYUG83-B1615</subfield>
      </datafield>
      <datafield tag="040" ind1=" " ind2=" ">
         <subfield code="a">MdBJ</subfield>
         <subfield code="c">MdBJ</subfield>
         <subfield code="d">NNU</subfield>
      </datafield>
      <datafield tag="041" ind1="0" ind2=" ">
         <subfield code="a">eng</subfield>
         <subfield code="a">fre</subfield>
         <subfield code="a">ger</subfield>
      </datafield>
      <datafield tag="043" ind1=" " ind2=" ">
         <subfield code="a">aw-----</subfield>
      </datafield>
      <datafield tag="090" ind1=" " ind2=" ">
         <subfield code="i">01/23/87 CT</subfield>
         <subfield code="h">05/05/83 CT</subfield>
      </datafield>
      <datafield tag="245" ind1="0" ind2="0">
         <subfield code="a">Societies and languages of the ancient Near East :</subfield>
         <subfield code="b">studies in honour of I.M. Diakonoff.</subfield>
      </datafield>
      <datafield tag="260" ind1=" " ind2=" ">
         <subfield code="a">Warminster, England :</subfield>
         <subfield code="b">Aris &amp; Phillips,</subfield>
         <subfield code="c">c1982.</subfield>
      </datafield>
      <datafield tag="300" ind1=" " ind2=" ">
         <subfield code="a">356 p. :</subfield>
         <subfield code="b">ill. ;</subfield>
         <subfield code="c">24 cm.</subfield>
      </datafield>
      <datafield tag="546" ind1=" " ind2=" ">
         <subfield code="a">English, French or German.</subfield>
      </datafield>
      <datafield tag="500" ind1=" " ind2=" ">
         <subfield code="a">Errata slip inserted.</subfield>
      </datafield>
      <datafield tag="505" ind1="0" ind2="0">
         <subfield code="t">Property rights and functional tenure in Mesopotamian rural communities /</subfield>
         <subfield code="r">R.McC. Adams --</subfield>
         <subfield code="t">Zu den Metaphern in einem Lied der "heiligen Hochzeit" /</subfield>
         <subfield code="r">V. Afanasjeva --</subfield>
         <subfield code="t">Two Iranian words, Georgian zvara and varz-i /</subfield>
         <subfield code="r">H.W. Bailey --</subfield>
         <subfield code="t">Création de l'homme et sa nature dans le Poème d'Atraḫasǐs /</subfield>
         <subfield code="r">J. Bottéro --</subfield>
         <subfield code="t">Bipartite society of the ancient Iranians /</subfield>
         <subfield code="r">M. Boyce --</subfield>
         <subfield code="t">Neo-Babylonian elders /</subfield>
         <subfield code="r">M.A. Dandamayev --</subfield>
         <subfield code="t">Aufbau des Syllabers "Proto-Ea" /</subfield>
         <subfield code="r">D.O. Edzard --</subfield>
         <subfield code="t">Stanza from the verses of Prince Tcūṃ-ttehi /</subfield>
         <subfield code="r">R.E. Emmerick --</subfield>
         <subfield code="t">Fernhandel und Warenpreise nach einer mittelassyrischen Urkunde des 12. Jahrhunderts v.u.Z. /</subfield>
         <subfield code="r">H. Freydank --</subfield>
         <subfield code="t">Problems of consonantism in the cuneiform Hittite language /</subfield>
         <subfield code="r">Th.V. Gamkrelidze --</subfield>
         <subfield code="t">Terms for slaves in ancient Mesopotamia /</subfield>
         <subfield code="r">I.J. Gelb --</subfield>
         <subfield code="t">Diakonoff on writing, with an appendix by Darius /</subfield>
         <subfield code="r">I. Gershevitch --</subfield>
         <subfield code="t">Einige Bemerkungen zum hethitischen Text KUB 48, 105 /</subfield>
         <subfield code="r">G. Giorgadze --</subfield>
         <subfield code="t">Two points on Hurrian-Armenian lexical relationships /</subfield>
         <subfield code="r">J.A.C. Greppin --</subfield>
         <subfield code="t">Three contacts from Babylon --</subfield>
         <subfield code="r">O.R. Gurney --</subfield>
         <subfield code="t">Oral to written /</subfield>
         <subfield code="r">T. Jacobsen --</subfield>
         <subfield code="t">Mitannian Šattiwasa in Arrapḫe /</subfield>
         <subfield code="r">N. Jankowska --</subfield>
         <subfield code="t">Ende des typisch alten Duktus im Hethitischen /</subfield>
         <subfield code="r">A. Kammenhuber --</subfield>
      </datafield>
      <datafield tag="505" ind1="0" ind2="0">
         <subfield code="t">Notes on Sumerian grammar /</subfield>
         <subfield code="r">I.T. Kaneva --</subfield>
         <subfield code="t">On the typology of the Hurro-Urartian verb /</subfield>
         <subfield code="r">M.L. Khačikjan --</subfield>
         <subfield code="t">Östliche Neustadt Babylons in Texten altbabylonischer Zeit /</subfield>
         <subfield code="r">H. Klengel --</subfield>
         <subfield code="t">Zur gesellschaftlichen Relevenz der Hammurapischen Gesetze /</subfield>
         <subfield code="r">J. Klíma --</subfield>
         <subfield code="t">Zur Frage der Periodizität der altbabylonischen mīšarum-Erlässe /</subfield>
         <subfield code="r">G. Komoróczy --</subfield>
         <subfield code="t">Three old Babylonian b a l a g -catalogues from the British Museum /</subfield>
         <subfield code="r">S.N. Kramer --</subfield>
         <subfield code="t">Your money or your life! A portrait of an Assyrian businessman /</subfield>
         <subfield code="r">M.T. Larsen --</subfield>
         <subfield code="t">Pattern of settlement in the Babylonian countryside /</subfield>
         <subfield code="r">W.F. Leemans --</subfield>
         <subfield code="t">Ville et campagne dans le royaume d'Ugarit. Essai d'analyse économique /</subfield>
         <subfield code="r">M. Liverani --</subfield>
         <subfield code="t">Help in need /</subfield>
         <subfield code="r">D.N. Mackenzie --</subfield>
         <subfield code="t">Zur Bestimmung der altassyrischen Siegeleigentümer /</subfield>
         <subfield code="r">L. Matouš --</subfield>
         <subfield code="t">Alte und mittelalterliche Nahe Osten (zu Fragen der Analogie der sozial-ökonomischen und staatlichen Ordnung) /</subfield>
         <subfield code="r">G.A. Melikischwili --</subfield>
         <subfield code="t">Gold, Silber und Blei als Wertmesser in Mesopotamien während der zweiten Halfte des 2. Jahrtausends v.u.Z. /</subfield>
         <subfield code="r">M. Müller --</subfield>
         <subfield code="t">Landvergabe im kassitischen Babylonien /</subfield>
         <subfield code="r">J. Oelsner --</subfield>
         <subfield code="t">Remarks on the Tôd treasure in Egypt /</subfield>
         <subfield code="r">E. Porada --</subfield>
         <subfield code="t">Ilku and land tenure in the Middle Assyrian Kingdom - a second attempt /</subfield>
         <subfield code="r">J.N. Postgate --</subfield>
         <subfield code="t">On the verb AK in Sumerian /</subfield>
         <subfield code="r">M.A. Powell --</subfield>
         <subfield code="t">Babylonian Fürstenspiegel in practice /</subfield>
         <subfield code="r">E. Reiner --</subfield>
         <subfield code="t">Eine vergessene Felsinschrift mit einem assyrischen Opfertext /</subfield>
         <subfield code="r">M. Salvini --</subfield>
         <subfield code="t">Zum Problem des Herrschertitels in Uruk der Seleukidenzeit /</subfield>
         <subfield code="r">G.Kh. Sarkisian --</subfield>
         <subfield code="t">Osseto-Indo-Europaeica /</subfield>
         <subfield code="r">M. Schwartz --</subfield>
         <subfield code="t">New inscription of Šar-kali-šarrī /</subfield>
         <subfield code="r">E. Sollberger --</subfield>
         <subfield code="t">On the Scythians in Mannea /</subfield>
         <subfield code="r">Y.B. Yusifov.</subfield>
      </datafield>
      <datafield tag="504" ind1=" " ind2=" ">
         <subfield code="a">Includes bibliographical references.</subfield>
      </datafield>
      <datafield tag="500" ind1=" " ind2=" ">
         <subfield code="a">ISAW copy is from the Library of Hayim and Miriam Tadmor.</subfield>
         <subfield code="5">NNU</subfield>
      </datafield>
      <datafield tag="600" ind1="1" ind2="0">
         <subfield code="a">Dʹi͡akonov, Igorʹ Mikhaĭlovich.</subfield>
      </datafield>
      <datafield tag="651" ind1=" " ind2="0">
         <subfield code="a">Middle East</subfield>
         <subfield code="x">Antiquities.</subfield>
      </datafield>
      <datafield tag="700" ind1="1" ind2=" ">
         <subfield code="a">Dʹi͡akonov, Igorʹ Mikhaĭlovich.</subfield>
      </datafield>
      <datafield tag="796" ind1="1" ind2=" ">
         <subfield code="a">Tadmor, Hayim,</subfield>
         <subfield code="e">former owner.</subfield>
      </datafield>
      <datafield tag="796" ind1="1" ind2=" ">
         <subfield code="a">Tadmor, Miriam,</subfield>
         <subfield code="e">former owner.</subfield>
      </datafield>
      <datafield tag="797" ind1="2" ind2=" ">
         <subfield code="a">Tadmor Collection.</subfield>
      </datafield>
      <datafield tag="OWN" ind1=" " ind2=" ">
         <subfield code="a">GENERAL</subfield>
      </datafield>
      <datafield tag="950" ind1=" " ind2=" ">
         <subfield code="l">BMAIN</subfield>
         <subfield code="a">DS56</subfield>
         <subfield code="b">.S63 1982</subfield>
         <subfield code="h">05/05/83 C</subfield>
      </datafield>
      <datafield tag="950" ind1=" " ind2=" ">
         <subfield code="l">IFAM</subfield>
         <subfield code="a">DS56</subfield>
         <subfield code="b">.S63 1982</subfield>
         <subfield code="i">01/23/87 C</subfield>
      </datafield>
      <datafield tag="955" ind1=" " ind2=" ">
         <subfield code="l">BMAIN</subfield>
         <subfield code="c">1</subfield>
         <subfield code="q">83-B1615-1</subfield>
         <subfield code="r">007828851</subfield>
         <subfield code="h">05/05/83 C</subfield>
      </datafield>
      <datafield tag="955" ind1=" " ind2=" ">
         <subfield code="l">IFAM</subfield>
         <subfield code="c">1</subfield>
         <subfield code="i">01/23/87 C</subfield>
      </datafield>
      <datafield tag="998" ind1=" " ind2=" ">
         <subfield code="a">01/23/87</subfield>
         <subfield code="t">b</subfield>
         <subfield code="s">9114</subfield>
         <subfield code="n">NNU</subfield>
         <subfield code="w">DCLC81211058B</subfield>
         <subfield code="d">01/19/83</subfield>
         <subfield code="b">DJM</subfield>
         <subfield code="i">870123</subfield>
         <subfield code="h">830505</subfield>
         <subfield code="l">NYUG</subfield>
      </datafield>
      <datafield tag="AVA" ind1=" " ind2=" ">
         <subfield code="a">NYU50</subfield>
         <subfield code="b">BOBST</subfield>
         <subfield code="c">Main Collection</subfield>
         <subfield code="d">DS56 .S63 1982</subfield>
         <subfield code="e">unavailable</subfield>
         <subfield code="t">Unavailable</subfield>
         <subfield code="f">1</subfield>
         <subfield code="g">1</subfield>
         <subfield code="h">N</subfield>
         <subfield code="i">4</subfield>
         <subfield code="j">MAIN</subfield>
         <subfield code="k">0</subfield>
      </datafield>
      <datafield tag="AVA" ind1=" " ind2=" ">
         <subfield code="a">NYU50</subfield>
         <subfield code="b">NIFA</subfield>
         <subfield code="c">Main Collection</subfield>
         <subfield code="d">DS56 .S63 1982 Non-circulating</subfield>
         <subfield code="e">unavailable</subfield>
         <subfield code="t">Unavailable</subfield>
         <subfield code="f">1</subfield>
         <subfield code="g">1</subfield>
         <subfield code="h">N</subfield>
         <subfield code="i">0</subfield>
         <subfield code="j">MAIN</subfield>
         <subfield code="k">0</subfield>
      </datafield>
      <datafield tag="AVA" ind1=" " ind2=" ">
         <subfield code="a">NYU50</subfield>
         <subfield code="b">NISAW</subfield>
         <subfield code="c">Small Collection</subfield>
         <subfield code="d">DS56 .S63 1982</subfield>
         <subfield code="e">available</subfield>
         <subfield code="t">Available</subfield>
         <subfield code="f">1</subfield>
         <subfield code="g">0</subfield>
         <subfield code="h">N</subfield>
         <subfield code="i">0</subfield>
         <subfield code="j">SMALL</subfield>
         <subfield code="k">0</subfield>
      </datafield>
      <marc:datafield tag="852" ind1=" " ind2=" ">
         <marc:subfield code="b">Institute for the Study of the Ancient World, </marc:subfield>
         <marc:subfield code="c">Small Collection</marc:subfield>
         <marc:subfield code="e">15 East 84th St., </marc:subfield>
         <marc:subfield code="e">New York, NY  10028</marc:subfield>
      </marc:datafield>
   </record>