
  
  
  
  
  
  
 
  
  <record xsi:schemaLocation="http://www.loc.gov/MARC21/slim http://www.loc.gov/standards/marcxml/schema/MARC21slim.xsd">
      <leader>00000cam a2200301 a 45M</leader>
      <controlfield tag="FMT">BK</controlfield>
      <controlfield tag="LDR">00000cam a2200301 a 45M</controlfield>
      <controlfield tag="001">000066941</controlfield>
      <controlfield tag="003">NNU</controlfield>
      <controlfield tag="005">20140530113317.0</controlfield>
      <controlfield tag="008">040826s2005    mduac    b    010 0 eng</controlfield>
      <datafield tag="010" ind1=" " ind2=" ">
         <subfield code="a">2004058217</subfield>
      </datafield>
      <datafield tag="020" ind1=" " ind2=" ">
         <subfield code="a">1883053838</subfield>
      </datafield>
      <datafield tag="035" ind1="9" ind2=" ">
         <subfield code="a">NYUb13035204</subfield>
      </datafield>
      <datafield tag="035" ind1=" " ind2=" ">
         <subfield code="a">(DLC) 2004058217</subfield>
      </datafield>
      <datafield tag="040" ind1=" " ind2=" ">
         <subfield code="a">DLC</subfield>
         <subfield code="c">DLC</subfield>
         <subfield code="d">NhCcYBP</subfield>
         <subfield code="d">NNU</subfield>
      </datafield>
      <datafield tag="041" ind1="0" ind2=" ">
         <subfield code="a">eng</subfield>
         <subfield code="a">fre</subfield>
         <subfield code="a">ger</subfield>
      </datafield>
      <datafield tag="042" ind1=" " ind2=" ">
         <subfield code="a">pcc</subfield>
      </datafield>
      <datafield tag="043" ind1=" " ind2=" ">
         <subfield code="a">aw-----</subfield>
      </datafield>
      <datafield tag="050" ind1="0" ind2="0">
         <subfield code="a">PJ26.K54</subfield>
         <subfield code="b">E93 2005</subfield>
      </datafield>
      <datafield tag="082" ind1="0" ind2="0">
         <subfield code="a">409/.56</subfield>
         <subfield code="2">22</subfield>
      </datafield>
      <datafield tag="245" ind1="0" ind2="3">
         <subfield code="a">An experienced scribe who neglects nothing :</subfield>
         <subfield code="b">ancient Near Eastern studies in honor of Jacob Klein /</subfield>
         <subfield code="c">edited by Yitschak Sefati ... [et al.].</subfield>
      </datafield>
      <datafield tag="246" ind1="3" ind2="0">
         <subfield code="a">Ancient Near Eastern studies in honor of Jacob Klein</subfield>
      </datafield>
      <datafield tag="260" ind1=" " ind2=" ">
         <subfield code="a">Bethesda, MD :</subfield>
         <subfield code="b">CDL Press,</subfield>
         <subfield code="c">2005.</subfield>
      </datafield>
      <datafield tag="300" ind1=" " ind2=" ">
         <subfield code="a">xxvi, 771 p. :</subfield>
         <subfield code="b">ill., port. ;</subfield>
         <subfield code="c">25 cm.</subfield>
      </datafield>
      <datafield tag="546" ind1=" " ind2=" ">
         <subfield code="a">Contributions in English, French, or German.</subfield>
      </datafield>
      <datafield tag="504" ind1=" " ind2=" ">
         <subfield code="a">Includes bibliographical references.</subfield>
      </datafield>
      <datafield tag="504" ind1=" " ind2=" ">
         <subfield code="a">"Publications of Jacob Klein": p. xxi-xxvi.</subfield>
      </datafield>
      <datafield tag="500" ind1=" " ind2=" ">
         <subfield code="a">ISAW copy is from the Library of Hayim and Miriam Tadmor.</subfield>
         <subfield code="5">NNU</subfield>
      </datafield>
      <datafield tag="505" ind1="0" ind2="0">
         <subfield code="t">Jacob Klein : an appreciation /</subfield>
         <subfield code="r">Barry L. Eichler --</subfield>
         <subfield code="g">I. Sumerological studies.</subfield>
         <subfield code="t">Nanše and her fish /</subfield>
         <subfield code="r">Bendt Alster --</subfield>
         <subfield code="t">Gudea-Studien /</subfield>
         <subfield code="r">Josef Bauer --</subfield>
         <subfield code="t">Sargonic foundation cone /</subfield>
         <subfield code="r">Maria Giovanna Biga --</subfield>
         <subfield code="t">Songs of the goddess Aruru /</subfield>
         <subfield code="r">Jeremy Black --</subfield>
         <subfield code="t">Shulgi, Nabonide, et les Grecs /</subfield>
         <subfield code="r">Antoine Cavigneaux --</subfield>
         <subfield code="t">Shulgi hymn to Enki /</subfield>
         <subfield code="r">Mark E. Cohen --</subfield>
         <subfield code="t">Shulgi the runner : Sumerian-Talmudic affinities /</subfield>
         <subfield code="r">Aaron Demsky --</subfield>
         <subfield code="t">Sumerian one to one hundred twenty revisited /</subfield>
         <subfield code="r">Dietz Otto Edzard --</subfield>
         <subfield code="t">sag as pars pro toto fro "person" and "dead body" /</subfield>
         <subfield code="r">Gertrud Farber --</subfield>
         <subfield code="t">Fishy monsters : updating the iconographic references of V. Scheil "La déessee Nina et ses poissons" /</subfield>
         <subfield code="r">Laura Feldt --</subfield>
         <subfield code="t">In search of the é.dub.ba.a : the ancient Mesopotamian school in literature and reality /</subfield>
         <subfield code="r">A.R. George --</subfield>
         <subfield code="t">Date de composition de la chronique de la monarchie une /</subfield>
         <subfield code="r">Jean-Jacques Glassner --</subfield>
         <subfield code="t">Sumerian history in pictures : a new look at the "Stele of the flying angels" /</subfield>
         <subfield code="r">William W. Hallo --</subfield>
         <subfield code="t">Some thoughts on Sumerian star-names and Sumerian astronomy /</subfield>
         <subfield code="r">Wayne Horowitz --</subfield>
         <subfield code="t">Eternal rest at the foot of the mountain /</subfield>
         <subfield code="r">Dina Katz --</subfield>
         <subfield code="t">Literary works from the court of King Ishbi-Erra of Isin /</subfield>
         <subfield code="r">Piotr Michalowski --</subfield>
         <subfield code="t">Sumerian hymns V : an Adab-song to Ninurta with (i.a.) prayers for King Lipiteštar of Isin /</subfield>
         <subfield code="r">W.H.Ph. Römer --</subfield>
         <subfield code="t">Sumerian verb na de5(-g) "to clear" /</subfield>
         <subfield code="r">Walther Sallaberger --</subfield>
         <subfield code="t">At dead of night I will come (DI X) /</subfield>
         <subfield code="r">Yitschak Sefati --</subfield>
         <subfield code="t">Tablette de Lagaš, époque d'Ur III /</subfield>
         <subfield code="r">Marcel Sigrist --</subfield>
         <subfield code="t">New Shulgi hymn /</subfield>
         <subfield code="r">Åke W. Sjöberg --</subfield>
         <subfield code="t">Priestess égi-zi and related matters /</subfield>
         <subfield code="r">Piotr Steinkeller --</subfield>
         <subfield code="t">Lexical bits and pieces /</subfield>
         <subfield code="r">Niek Veldhuis --</subfield>
         <subfield code="t">Tempelterrassen und Ziqqurrate nach der sumerischen Überlieferung /</subfield>
         <subfield code="r">H. Waetzoldt --</subfield>
         <subfield code="t">Sing a song for Šulgi /</subfield>
         <subfield code="r">Joan Goodnick Westenholz --</subfield>
         <subfield code="t">Study of the Sumerian words for "animal hole" (ḫabrud), "hole" (burud), "well" (burud2), and "copper" (wuruda) /</subfield>
         <subfield code="r">Wu Yuhong --</subfield>
      </datafield>
      <datafield tag="505" ind1="0" ind2="0">
         <subfield code="t">Hymn to Ninšubur /</subfield>
         <subfield code="r">Gábor Zólyomi --</subfield>
         <subfield code="g">II. Assyriological studies.</subfield>
         <subfield code="t">Courtesan, the wild man, and the hunter : studies in the literary history of the Epic of Gilgamesh /</subfield>
         <subfield code="r">Tzvi Abusch --</subfield>
         <subfield code="t">Provisions for a case of conflicting commitments in fifteenth-century B.C.E. treaties /</subfield>
         <subfield code="r">Amnon Altman --</subfield>
         <subfield code="t">Ḫanûm : nom ethnique ou nom générique? /</subfield>
         <subfield code="r">Moshé Anbar --</subfield>
         <subfield code="t">EA 42, the earliest known case of parṣu, "correct international custom" /</subfield>
         <subfield code="r">Pinhas Artzi --</subfield>
         <subfield code="t">Continuity and change in some provisions of the Code of Hammurabi's family law /</subfield>
         <subfield code="r">Joseph Fleishman --</subfield>
         <subfield code="t">Hammurabi in Mesopotamian tradition /</subfield>
         <subfield code="r">Victor Avigdor Hurowitz --</subfield>
         <subfield code="t">Akkadian verbal system : derivational and inflectional strategies /</subfield>
         <subfield code="r">Shlomo Izre'el --</subfield>
         <subfield code="t">Eṭūtu "darkness" and iṭṭu "clay" : poetic license of corruption due to etymological similarity? : another interpretation /</subfield>
         <subfield code="r">Meir Malul --</subfield>
         <subfield code="t">Sin and punishment in Hittite prayers /</subfield>
         <subfield code="r">Itamar Singer --</subfield>
         <subfield code="t">Order of the rulers of Emar /</subfield>
         <subfield code="r">Aaron Skaist --</subfield>
         <subfield code="t">New Akkadian loanwords in Jewish Babylonian Aramaic /</subfield>
         <subfield code="r">Michael Sokoloff --</subfield>
         <subfield code="t">Moneybags in Neo-Babylonian texts /</subfield>
         <subfield code="r">Péter Vargyas --</subfield>
         <subfield code="t">Offspring of silence, spawn of fish, son of a gazelle... : Enkidu's different origins in the Epic of Gilgameš /</subfield>
         <subfield code="r">Nathan Wasserman --</subfield>
         <subfield code="t">Morphology and morphosyntax of the adjective as attributive and predicative constructions in the Jerusalem-Amarna letters /</subfield>
         <subfield code="r">Jasper Petrus van der Westhuizen --</subfield>
         <subfield code="t">Contributions to Neo/Late-Babylonian documentation /</subfield>
         <subfield code="r">Ran Zadok, Tikva Zadok --</subfield>
         <subfield code="g">III. Biblical and northwest Semitic studies.</subfield>
         <subfield code="t">Poetry and theology in Lamentations 3:43-44 and 5:7 /</subfield>
         <subfield code="r">Adele Berlin --</subfield>
         <subfield code="t">Echoes of the Sumerian sacred marriage myth in the Qur'ān and Bible /</subfield>
         <subfield code="r">Muazzez Ilmiye Çiǧ --</subfield>
         <subfield code="t">Two misunderstood verse in the latter prophets : Jer 9:24, Amos 1:13 /</subfield>
         <subfield code="r">Chaim Cohen --</subfield>
         <subfield code="t">Formation of I Chr 2:3-4:23 and the election of King David /</subfield>
         <subfield code="r">Gershon Galil --</subfield>
         <subfield code="t">Akkadian influences on the Book of Ezekiel /</subfield>
         <subfield code="r">Isaac Gluska --</subfield>
      </datafield>
      <datafield tag="505" ind1="0" ind2="0">
         <subfield code="t">Moabite seal with a unique iconography /</subfield>
         <subfield code="r">M. Heltzer --</subfield>
         <subfield code="t">David and Uriah : the consolidation of power in Jerusalem by the Israelites /</subfield>
         <subfield code="r">Abraham Malamat --</subfield>
         <subfield code="t">From conscription of forced labor to a symbol of bondage : mas in the biblical literature /</subfield>
         <subfield code="r">Nadav Na'aman --</subfield>
         <subfield code="t">Hebrew צירים and its interdialectal equivalents /</subfield>
         <subfield code="r">Shalom M. Paul --</subfield>
         <subfield code="t">Jacob wards off endangerment /</subfield>
         <subfield code="r">David B. Weisberg.</subfield>
      </datafield>
      <datafield tag="630" ind1="0" ind2="0">
         <subfield code="a">Bible.</subfield>
         <subfield code="p">Old Testament</subfield>
         <subfield code="x">Criticism, interpretation, etc.</subfield>
      </datafield>
      <datafield tag="650" ind1=" " ind2="0">
         <subfield code="a">Middle Eastern philology.</subfield>
      </datafield>
      <datafield tag="651" ind1=" " ind2="0">
         <subfield code="a">Middle East</subfield>
         <subfield code="x">Civilization</subfield>
         <subfield code="y">To 622.</subfield>
      </datafield>
      <datafield tag="700" ind1="1" ind2=" ">
         <subfield code="a">Klein, Jacob,</subfield>
         <subfield code="d">1934-</subfield>
         <subfield code="e">honoree.</subfield>
      </datafield>
      <datafield tag="700" ind1="1" ind2=" ">
         <subfield code="a">Sefati, Yitzhak</subfield>
         <subfield code="e">ed.</subfield>
      </datafield>
      <datafield tag="796" ind1="1" ind2=" ">
         <subfield code="a">Tadmor, Hayim,</subfield>
         <subfield code="e">former owner.</subfield>
      </datafield>
      <datafield tag="796" ind1="1" ind2=" ">
         <subfield code="a">Tadmor, Miriam,</subfield>
         <subfield code="e">former owner.</subfield>
      </datafield>
      <datafield tag="797" ind1="2" ind2=" ">
         <subfield code="a">Tadmor Collection.</subfield>
      </datafield>
      <datafield tag="OWN" ind1=" " ind2=" ">
         <subfield code="a">GENERAL</subfield>
      </datafield>
      <datafield tag="980" ind1=" " ind2=" ">
         <subfield code="a">050427</subfield>
         <subfield code="b">66.19</subfield>
         <subfield code="e">54.28</subfield>
         <subfield code="f">587262</subfield>
         <subfield code="g">1</subfield>
      </datafield>
      <datafield tag="982" ind1=" " ind2=" ">
         <subfield code="a">40011505112</subfield>
      </datafield>
      <datafield tag="AVA" ind1=" " ind2=" ">
         <subfield code="a">NYU50</subfield>
         <subfield code="b">BOBST</subfield>
         <subfield code="c">Main Collection</subfield>
         <subfield code="d">PJ26.K54 E93 2005</subfield>
         <subfield code="e">unavailable</subfield>
         <subfield code="t">Unavailable</subfield>
         <subfield code="f">1</subfield>
         <subfield code="g">1</subfield>
         <subfield code="h">N</subfield>
         <subfield code="i">4</subfield>
         <subfield code="j">MAIN</subfield>
         <subfield code="k">0</subfield>
      </datafield>
      <datafield tag="AVA" ind1=" " ind2=" ">
         <subfield code="a">NYU50</subfield>
         <subfield code="b">NISAW</subfield>
         <subfield code="c">Small Collection</subfield>
         <subfield code="d">PJ26.K54 E93 2005</subfield>
         <subfield code="e">available</subfield>
         <subfield code="t">Available</subfield>
         <subfield code="f">1</subfield>
         <subfield code="g">0</subfield>
         <subfield code="h">N</subfield>
         <subfield code="i">0</subfield>
         <subfield code="j">SMALL</subfield>
         <subfield code="k">0</subfield>
      </datafield>
      <marc:datafield tag="852" ind1=" " ind2=" ">
         <marc:subfield code="b">Institute for the Study of the Ancient World, </marc:subfield>
         <marc:subfield code="c">Small Collection</marc:subfield>
         <marc:subfield code="e">15 East 84th St., </marc:subfield>
         <marc:subfield code="e">New York, NY  10028</marc:subfield>
      </marc:datafield>
   </record>